代码,名称,最新价,IOPV实时估值,基金折价率,涨跌额,涨跌幅,成交量,成交额,开盘价,最高价,最低价,昨收,振幅,换手率,量比,委比,外盘,内盘,主力净流入-净额,主力净流入-净占比,超大单净流入-净额,超大单净流入-净占比,大单净流入-净额,大单净流入-净占比,中单净流入-净额,中单净流入-净占比,小单净流入-净额,小单净流入-净占比,现手,买一,卖一,最新份额,流通市值,总市值,数据日期,更新时间
159312,恒生ETF港股通,1.462,1.2493,-17.03,0.098,7.18,2016475.0,293997246.099,1.39,1.49,1.388,1.364,7.48,,4.3,27.79,1054846.0,961629.0,1437590.0,0.49,1012684.0,0.34,424906.0,0.14,-2898860.0,-0.99,1461272.0,0.5,-14306.0,1.462,1.463,30224353.0,44188004,44188004,2025-12-26,2025-12-26 15:34:36+08:00
561330,矿业ETF,1.914,1.9082,-0.3,0.078,4.25,743146.0,141346164.0,1.85,1.922,1.85,1.836,3.92,13.92,4.45,19.55,457035.0,286111.0,-24687515.0,-17.47,-10538826.0,-7.46,-14148689.0,-10.01,13685921.0,9.68,11001593.0,7.78,-55.0,1.915,1.916,533696096.0,1021494328,1021494328,2025-12-26,2025-12-26 16:11:55+08:00
159690,有色矿业ETF招商,1.955,1.9482,-0.35,0.078,4.16,131428.0,25503360.5,1.895,1.961,1.895,1.877,3.52,33.56,3.07,-61.75,84995.0,46433.0,1224881.0,4.8,5205216.0,20.41,-3980335.0,-15.61,-529312.0,-2.08,-695569.0,-2.73,2637.0,1.954,1.955,39163978.0,76565577,76565577,2025-12-26,2025-12-26 15:34:51+08:00
512400,有色金属ETF,1.92,1.9213,0.07,0.073,3.95,7819516.0,1490585874.0,1.873,1.932,1.873,1.847,3.19,7.72,1.52,20.91,4428899.0,3390617.0,126408384.0,8.48,89247168.0,5.99,37161216.0,2.49,-47297031.0,-3.17,-79111358.0,-5.31,10.0,1.919,1.92,10126039040.0,19441994957,19441994957,2025-12-26,2025-12-26 16:11:47+08:00
516650,有色金属ETF基金,1.883,1.8802,-0.15,0.071,3.92,1981910.0,369265036.0,1.827,1.892,1.827,1.812,3.59,12.16,1.55,25.45,1363672.0,618238.0,-571634.0,-0.15,22951986.0,6.22,-23523620.0,-6.37,6798357.0,1.84,-6226724.0,-1.69,-281.0,1.883,1.884,1630464800.0,3070165218,3070165218,2025-12-26,2025-12-26 16:11:36+08:00
159652,有色50ETF,1.666,1.663,-0.18,0.062,3.87,2326348.0,384254933.264,1.621,1.674,1.621,1.604,3.3,9.44,1.67,42.52,1159152.0,1167196.0,45678669.0,11.89,10331621.0,2.69,35347048.0,9.2,-37648110.0,-9.8,-8030560.0,-2.09,-9057.0,1.666,1.667,2464320288.0,4105557600,4105557600,2025-12-26,2025-12-26 15:34:18+08:00
159876,有色ETF华宝,0.991,0.9893,-0.17,0.036,3.77,698312.0,68586029.4,0.963,0.995,0.963,0.955,3.35,8.55,1.12,-8.13,329016.0,369296.0,16381133.0,23.88,17090356.0,24.92,-709223.0,-1.03,-12833240.0,-18.71,-3547892.0,-5.17,-2372.0,0.991,0.992,817177024.0,809822431,809822431,2025-12-26,2025-12-26 15:34:18+08:00
560860,工业有色ETF,1.568,1.5647,-0.21,0.057,3.77,2138894.0,331338004.0,1.525,1.577,1.524,1.511,3.51,4.03,0.98,23.22,1260432.0,878462.0,20067883.0,6.06,7639413.0,2.31,12428470.0,3.75,-12599622.0,-3.8,-7468261.0,-2.25,-5.0,1.568,1.569,5309232896.0,8324877181,8324877181,2025-12-26,2025-12-26 16:11:53+08:00
159881,有色60ETF,1.848,1.846,-0.11,0.067,3.76,111067.0,20386126.9,1.793,1.857,1.793,1.781,3.59,21.26,1.58,-6.05,70907.0,40160.0,1961059.0,9.62,3168759.0,15.54,-1207700.0,-5.92,-1191302.0,-5.84,-769758.0,-3.78,-507.0,1.848,1.85,52249583.0,96557229,96557229,2025-12-26,2025-12-26 15:34:27+08:00
159871,有色金属ETF,1.928,1.9302,0.11,0.068,3.66,721009.0,138132606.4,1.879,1.939,1.879,1.86,3.23,25.72,1.61,22.32,280949.0,440060.0,34813478.0,25.2,26894644.0,19.47,7918834.0,5.73,-24969891.0,-18.08,-9843588.0,-7.13,-1910.0,1.928,1.93,280366256.0,540546142,540546142,2025-12-26,2025-12-26 15:34:18+08:00
159218,卫星产业ETF,1.625,1.6218,-0.2,0.057,3.64,3099594.0,493374195.514,1.568,1.637,1.555,1.568,5.23,40.12,1.39,4.17,1598732.0,1500862.0,-52064052.0,-10.55,-11428385.0,-2.32,-40635667.0,-8.24,28363660.0,5.75,23700392.0,4.8,39554.0,1.624,1.625,772616384.0,1255501624,1255501624,2025-12-26,2025-12-26 15:34:45+08:00
563530,卫星ETF易方达,1.329,1.3271,-0.14,0.046,3.59,1190707.0,155099438.0,1.29,1.341,1.274,1.283,5.22,46.92,1.49,-21.6,623541.0,567166.0,-25407239.0,-16.38,-10677691.0,-6.88,-14729548.0,-9.5,13623112.0,8.78,11784127.0,7.6,-3285.0,1.329,1.33,253748000.0,337231092,337231092,2025-12-26,2025-12-26 16:11:49+08:00
563230,卫星ETF,1.335,1.3336,-0.1,0.045,3.49,1847446.0,242072943.0,1.311,1.348,1.28,1.29,5.27,44.71,1.43,-30.1,880533.0,966913.0,-40151048.0,-16.59,-41272311.0,-17.05,1121263.0,0.46,18770744.0,7.75,21380305.0,8.83,-538.0,1.335,1.336,413237008.0,551671406,551671406,2025-12-26,2025-12-26 16:11:56+08:00
159880,有色ETF基金,1.932,1.9333,0.07,0.065,3.48,308183.0,59268311.148,1.892,1.947,1.891,1.867,3.0,7.22,1.38,-57.27,185778.0,122405.0,-6502049.0,-10.97,-1199214.0,-2.02,-5302835.0,-8.95,3703627.0,6.25,2798423.0,4.72,5188.0,1.931,1.932,427051520.0,825063537,825063537,2025-12-26,2025-12-26 15:34:24+08:00
512630,卫星ETF广发,1.334,1.3332,-0.06,0.044,3.41,1630982.0,213174510.0,1.296,1.344,1.279,1.29,5.04,37.63,1.75,-42.65,825712.0,805270.0,-30198637.0,-14.17,-26839519.0,-12.59,-3359118.0,-1.58,19292402.0,9.05,10906234.0,5.12,62.0,1.334,1.335,433426000.0,578190284,578190284,2025-12-26,2025-12-26 16:11:41+08:00
561800,稀有金属ETF基金,1.002,1.0013,-0.07,0.03,3.09,247227.0,24667915.0,0.983,1.009,0.982,0.972,2.78,14.45,1.55,-6.61,128367.0,118860.0,2485917.0,10.08,2050288.0,8.31,435629.0,1.77,-1392446.0,-5.64,-1093471.0,-4.43,10.0,1.001,1.002,171077200.0,171419354,171419354,2025-12-26,2025-12-26 16:11:59+08:00
562800,稀有金属ETF,0.94,0.9392,-0.09,0.027,2.96,4161515.0,389496726.0,0.926,0.947,0.926,0.913,2.3,9.98,1.97,-20.96,1984515.0,2177000.0,29669489.0,7.62,-38095225.0,-9.78,67764714.0,17.4,-21206629.0,-5.44,-8462859.0,-2.17,836.0,0.939,0.94,4168345008.0,3918244308,3918244308,2025-12-26,2025-12-26 16:11:36+08:00
159608,稀有金属ETF,1.079,1.079,0.0,0.03,2.86,886160.0,95348683.461,1.062,1.087,1.062,1.049,2.38,11.22,1.26,11.19,487896.0,398264.0,5418988.0,5.68,7533828.0,7.9,-2114840.0,-2.22,-1207597.0,-1.27,-4211392.0,-4.42,-7030.0,1.079,1.08,789610064.0,851989259,851989259,2025-12-26,2025-12-26 15:34:27+08:00
159671,稀有金属ETF基金,1.316,1.3179,0.14,0.036,2.81,256504.0,33634822.828,1.293,1.327,1.293,1.28,2.66,5.43,1.03,-51.82,145882.0,110622.0,2100096.0,6.24,2901575.0,8.63,-801479.0,-2.38,-137262.0,-0.41,-1962833.0,-5.84,1762.0,1.315,1.316,472051744.0,621220095,621220095,2025-12-26,2025-12-26 15:34:39+08:00
159875,新能源ETF,0.692,0.6923,0.04,0.018,2.67,3094674.0,213958718.6,0.681,0.701,0.681,0.674,2.97,12.01,2.06,-15.14,1354645.0,1740029.0,11781997.0,5.51,59270670.0,27.7,-47488673.0,-22.2,-6484669.0,-3.03,-5297327.0,-2.48,6133.0,0.691,0.692,2577162896.0,1783396724,1783396724,2025-12-26,2025-12-26 15:34:15+08:00
159206,卫星ETF,1.584,1.5822,-0.11,0.041,2.66,9395789.0,1470720442.764,1.548,1.599,1.531,1.543,4.41,29.53,1.63,-23.34,4870593.0,4525196.0,-108872192.0,-7.4,-132521760.0,-9.01,23649568.0,1.61,23776499.0,1.62,85095680.0,5.79,128085.0,1.583,1.584,3181953360.0,5040214122,5040214122,2025-12-26,2025-12-26 15:34:48+08:00
159133,化工ETF天弘,1.099,1.099,0.0,0.027,2.52,390083.0,42523813.889,1.081,1.099,1.081,1.072,1.68,7.35,0.96,-90.93,182053.0,208030.0,8166388.0,19.2,6401318.0,15.05,1765070.0,4.15,-7038586.0,-16.55,-1127802.0,-2.65,1238.0,1.098,1.099,530913344.0,583473765,583473765,2025-12-26,2025-12-26 15:34:33+08:00
516090,新能源ETF易方达,0.574,0.5743,0.05,0.014,2.5,1499707.0,85962488.0,0.564,0.58,0.564,0.56,2.86,6.41,0.8,-19.0,942479.0,557228.0,5630047.0,6.55,8801783.0,10.24,-3171736.0,-3.69,-3154586.0,-3.67,-2475461.0,-2.88,1002.0,0.573,0.574,2338844800.0,1342496915,1342496915,2025-12-26,2025-12-26 16:12:02+08:00
159283,通用航空ETF南方,1.105,1.1028,-0.2,0.027,2.5,277133.0,30369037.059,1.082,1.111,1.077,1.078,3.15,27.59,1.4,24.25,143295.0,133838.0,1172987.0,3.86,1603786.0,5.28,-430799.0,-1.42,-1114782.0,-3.67,-58205.0,-0.19,-2713.0,1.105,1.106,100437981.0,110983969,110983969,2025-12-26,2025-12-26 15:34:15+08:00
159609,光伏龙头ETF,0.575,0.5732,-0.31,0.014,2.5,675598.0,38756324.3,0.566,0.579,0.563,0.561,2.85,12.63,2.87,-25.11,397729.0,277869.0,-447282.0,-1.15,-1737205.0,-4.48,1289923.0,3.33,1118364.0,2.89,-671082.0,-1.73,4478.0,0.574,0.575,534903408.0,307569460,307569460,2025-12-26,2025-12-26 15:34:51+08:00
516850,新能源ETF基金,1.073,1.0729,-0.01,0.026,2.48,107544.0,11511631.0,1.053,1.085,1.053,1.047,3.06,6.0,0.97,-20.95,51503.0,56041.0,1388365.0,12.06,3559034.0,30.92,-2170669.0,-18.86,-671639.0,-5.83,-716726.0,-6.23,685.0,1.071,1.074,179237000.0,192321301,192321301,2025-12-26,2025-12-26 16:11:43+08:00
515700,新能车ETF,2.517,2.5167,-0.01,0.06,2.44,774868.0,194599283.0,2.476,2.543,2.476,2.457,2.73,8.87,2.47,-37.36,391453.0,383416.0,-41947666.0,-21.56,-72414386.0,-37.21,30466720.0,15.66,36685500.0,18.85,5262165.0,2.7,169.0,2.516,2.517,873510208.0,2198625194,2198625194,2025-12-26,2025-12-26 16:11:52+08:00
159944,材料ETF,1.474,1.4768,0.19,0.035,2.43,30745.0,4513878.4,1.441,1.48,1.441,1.439,2.71,9.73,3.31,-48.58,19246.0,11499.0,-558180.0,-12.37,0.0,0.0,-558180.0,-12.37,623852.0,13.82,-65672.0,-1.45,-51.0,1.474,1.475,31608342.0,46590696,46590696,2025-12-26,2025-12-26 15:34:21+08:00
159775,电池ETF基金,0.903,0.9028,-0.02,0.021,2.38,479685.0,43210606.1,0.886,0.912,0.886,0.882,2.95,16.79,1.4,6.85,271292.0,208393.0,4794185.0,11.09,7027112.0,16.26,-2232927.0,-5.17,-2521584.0,-5.84,-2272601.0,-5.26,-3661.0,0.903,0.904,285648960.0,257941011,257941011,2025-12-26,2025-12-26 15:34:24+08:00
159755,电池ETF,1.084,1.084,0.0,0.025,2.36,7568716.0,818505678.943,1.072,1.097,1.069,1.059,2.64,5.45,1.38,-31.84,3611598.0,3957118.0,74580751.0,9.11,94876384.0,11.59,-20295633.0,-2.48,-44997688.0,-5.5,-29583055.0,-3.61,59048.0,1.083,1.084,13898646784.0,15066133114,15066133114,2025-12-26,2025-12-26 15:34:15+08:00
159840,锂电池ETF,0.869,0.868,-0.12,0.02,2.36,1431114.0,123845944.9,0.857,0.879,0.856,0.849,2.71,6.28,1.36,-13.35,795651.0,635463.0,5482403.0,4.43,6533817.0,5.28,-1051414.0,-0.85,-538115.0,-0.43,-4944287.0,-3.99,-11219.0,0.869,0.87,2279574848.0,1980950543,1980950543,2025-12-26,2025-12-26 15:35:00+08:00
159767,电池龙头ETF,0.881,0.8815,0.06,0.02,2.32,271821.0,23899214.1,0.866,0.891,0.866,0.861,2.9,7.27,1.59,-0.31,170823.0,100998.0,5652267.0,23.65,4802460.0,20.09,849807.0,3.56,-2851934.0,-11.93,-2800335.0,-11.72,1887.0,0.88,0.881,373873680.0,329382712,329382712,2025-12-26,2025-12-26 15:34:27+08:00
516160,新能源ETF,2.927,2.9331,0.21,0.066,2.31,3299345.0,968047524.0,2.883,2.967,2.883,2.861,2.94,14.76,2.78,-46.71,2827276.0,472069.0,7094436.0,0.73,18268992.0,1.89,-11174556.0,-1.15,-4717086.0,-0.49,-2377355.0,-0.25,-80.0,2.927,2.928,2234642000.0,6540797134,6540797134,2025-12-26,2025-12-26 16:11:52+08:00
563320,通用航空ETF,1.066,1.0701,0.38,0.024,2.3,981979.0,103841251.0,1.044,1.071,1.038,1.042,3.17,19.57,1.38,-33.02,577057.0,404922.0,14568730.0,14.03,27912575.0,26.88,-13343845.0,-12.85,-12195455.0,-11.74,-2373275.0,-2.29,-93.0,1.066,1.067,501892000.0,535016872,535016872,2025-12-26,2025-12-26 16:11:58+08:00
159824,新能车ETF,1.255,1.2554,0.03,0.028,2.28,34327.0,4295810.556,1.233,1.266,1.233,1.227,2.69,1.19,1.14,85.29,20271.0,14056.0,1877595.0,43.71,2340166.0,54.48,-462571.0,-10.77,-1335074.0,-31.08,-542522.0,-12.63,14.0,1.254,1.255,288135072.0,361609515,361609515,2025-12-26,2025-12-26 15:34:30+08:00
515030,新能源车ETF,1.882,1.8812,-0.04,0.042,2.28,1394494.0,261641894.0,1.856,1.9,1.855,1.84,2.45,5.81,1.39,-5.88,846159.0,548335.0,-5325421.0,-2.04,-10317497.0,-3.94,4992076.0,1.91,20010159.0,7.65,-14684737.0,-5.61,-31.0,1.882,1.883,2401384000.0,4519404688,4519404688,2025-12-26,2025-12-26 16:11:55+08:00
561160,锂电池ETF,0.852,0.8518,-0.02,0.019,2.28,1685969.0,143163211.0,0.841,0.864,0.837,0.833,3.24,6.26,1.68,-30.26,908075.0,777894.0,10201537.0,7.13,21603337.0,15.09,-11401800.0,-7.96,-7726320.0,-5.4,-2475217.0,-1.73,257.0,0.851,0.852,2691835008.0,2293443427,2293443427,2025-12-26,2025-12-26 16:11:48+08:00
159757,电池ETF景顺,0.897,0.8994,0.27,0.02,2.28,407473.0,36549266.6,0.883,0.908,0.883,0.877,2.85,9.0,2.49,-33.13,290738.0,116735.0,3006445.0,8.23,-1108946.0,-3.03,4115391.0,11.26,-1426575.0,-3.9,-1579869.0,-4.32,1837.0,0.896,0.897,452931888.0,406279904,406279904,2025-12-26,2025-12-26 15:35:00+08:00
516580,新能源主题ETF,0.683,0.6858,0.41,0.015,2.25,77249.0,5275118.0,0.672,0.692,0.672,0.668,2.99,4.44,2.08,13.93,32387.0,44862.0,740674.0,14.04,840692.0,15.94,-100018.0,-1.9,-525869.0,-9.97,-214805.0,-4.07,-41.0,0.683,0.684,174124100.0,118926760,118926760,2025-12-26,2025-12-26 16:11:38+08:00
517520,黄金股ETF,2.097,2.091,-0.29,0.046,2.24,2307586.0,482169640.0,2.065,2.105,2.065,2.051,1.95,3.75,1.0,12.38,1046169.0,1261417.0,47988827.0,9.95,17012052.0,3.53,30976775.0,6.42,-11371722.0,-2.36,-36617104.0,-7.59,-117.0,2.097,2.098,6146404096.0,12889009389,12889009389,2025-12-26,2025-12-26 16:11:48+08:00
562990,碳中和ETF易方达,1.053,1.0545,0.14,0.023,2.23,350466.0,36824289.0,1.032,1.06,1.032,1.03,2.72,5.47,2.7,-20.54,204192.0,146274.0,12386279.0,33.64,17914491.0,48.65,-5528212.0,-15.01,-7643287.0,-20.76,-4742992.0,-12.88,-100.0,1.054,1.055,640756000.0,674716068,674716068,2025-12-26,2025-12-26 16:11:54+08:00
516020,化工ETF,0.871,0.8693,-0.2,0.019,2.23,1683228.0,145489216.0,0.856,0.871,0.853,0.852,2.11,4.22,0.97,-4.35,722400.0,960828.0,12665739.0,8.71,8023559.0,5.51,4642180.0,3.19,-6832172.0,-4.7,-5833567.0,-4.01,229.0,0.87,0.871,3989826208.0,3475138627,3475138627,2025-12-26,2025-12-26 16:11:38+08:00
561190,双碳ETF,1.059,1.0594,0.04,0.023,2.22,183461.0,19381482.0,1.04,1.064,1.04,1.036,2.32,5.08,2.29,-16.1,119754.0,63707.0,6352175.0,32.77,10295939.0,53.12,-3943764.0,-20.35,-4152808.0,-21.43,-2199367.0,-11.35,2000.0,1.056,1.059,361318000.0,382635762,382635762,2025-12-26,2025-12-26 16:11:53+08:00
516660,新能源车ETF基金,1.15,1.1519,0.16,0.025,2.22,65435.0,7519166.0,1.135,1.162,1.135,1.125,2.4,2.49,3.14,-24.61,40070.0,25365.0,1618948.0,21.53,2551784.0,33.94,-932836.0,-12.41,-1008065.0,-13.41,-610883.0,-8.12,-50.0,1.15,1.151,262689000.0,302092350,302092350,2025-12-26,2025-12-26 16:11:46+08:00
159618,光伏ETF指数基金,0.784,0.7827,-0.17,0.017,2.22,107141.0,8397521.3,0.77,0.791,0.77,0.767,2.74,12.59,3.51,55.57,55833.0,51308.0,-409016.0,-4.87,699420.0,8.33,-1108436.0,-13.2,404194.0,4.81,4822.0,0.06,1440.0,0.783,0.784,85131407.0,66743023,66743023,2025-12-26,2025-12-26 15:34:12+08:00
159637,新能源车ETF东财,0.93,0.9317,0.18,0.02,2.2,335503.0,31147998.173,0.916,0.94,0.916,0.91,2.64,2.88,1.33,-71.2,186948.0,148555.0,7635268.0,24.51,5249755.0,16.85,2385513.0,7.66,-4522064.0,-14.52,-3113204.0,-9.99,-4146.0,0.93,0.931,1164768096.0,1083234329,1083234329,2025-12-26,2025-12-26 15:34:42+08:00
159562,黄金股ETF,2.287,2.2792,-0.34,0.049,2.19,495512.0,112868689.752,2.25,2.291,2.25,2.238,1.83,3.68,0.84,4.55,275112.0,220400.0,16693741.0,14.79,28484488.0,25.24,-11790747.0,-10.45,-5674881.0,-5.03,-11018860.0,-9.76,-6851.0,2.287,2.288,1348130512.0,3083174481,3083174481,2025-12-26,2025-12-26 15:34:45+08:00
561660,通用航空ETF基金,1.175,1.1767,0.14,0.025,2.17,92412.0,10805334.0,1.151,1.19,1.147,1.15,3.74,17.53,0.63,-32.41,42776.0,49636.0,437851.0,4.05,-584832.0,-5.41,1022683.0,9.46,-447378.0,-4.14,9526.0,0.09,69.0,1.172,1.175,52710000.0,61934250,61934250,2025-12-26,2025-12-26 16:11:37+08:00
510410,资源ETF,1.796,1.7905,-0.31,0.038,2.16,109515.0,19567057.0,1.774,1.799,1.766,1.758,1.88,3.04,1.94,-32.29,37022.0,72493.0,-231811.0,-1.18,-450446.0,-2.3,218635.0,1.12,300061.0,1.53,-68250.0,-0.35,167.0,1.793,1.796,360258400.0,647024086,647024086,2025-12-26,2025-12-26 16:11:47+08:00
561910,电池ETF,0.85,0.8498,-0.02,0.018,2.16,4486170.0,380247758.0,0.839,0.862,0.836,0.832,3.13,6.59,1.9,25.21,2111581.0,2374588.0,38630192.0,10.16,88976291.0,23.4,-50346099.0,-13.24,-21797048.0,-5.73,-16833146.0,-4.43,-368.0,0.85,0.851,6811076608.0,5789415117,5789415117,2025-12-26,2025-12-26 16:11:55+08:00
159796,电池50ETF,0.995,0.9956,0.06,0.021,2.16,4418592.0,439252218.24,0.988,1.01,0.98,0.974,3.08,4.71,1.35,-31.04,2561887.0,1856705.0,14214964.0,3.24,-1516623.0,-0.35,15731587.0,3.58,-7628860.0,-1.74,-6586103.0,-1.5,-39634.0,0.995,0.996,9388467456.0,9341525119,9341525119,2025-12-26,2025-12-26 15:34:36+08:00
560550,碳中和ETF龙头,1.054,1.0551,0.1,0.022,2.13,108423.0,11423827.0,1.036,1.062,1.036,1.032,2.52,4.38,4.2,-13.27,58709.0,49714.0,3919659.0,34.31,5043166.0,44.15,-1123507.0,-9.83,-2228794.0,-19.51,-1690865.0,-14.8,1.0,1.053,1.054,247597400.0,260967660,260967660,2025-12-26,2025-12-26 16:11:32+08:00
159641,双碳ETF,1.102,1.1035,0.14,0.023,2.13,93967.0,10339719.42,1.08,1.109,1.079,1.079,2.78,6.45,1.49,-91.99,37536.0,56431.0,2043794.0,19.77,4031405.0,38.99,-1987611.0,-19.22,-1504406.0,-14.55,-539389.0,-5.22,1.0,1.098,1.102,145719131.0,160582482,160582482,2025-12-26,2025-12-26 15:34:27+08:00
159806,新能源车ETF,0.819,0.8205,0.18,0.017,2.12,309957.0,25332546.042,0.807,0.828,0.807,0.802,2.62,2.56,1.54,-30.99,165018.0,144939.0,4283047.0,16.91,2696029.0,10.64,1587018.0,6.26,-2090649.0,-8.25,-2192397.0,-8.65,-5282.0,0.819,0.82,1211089440.0,991882251,991882251,2025-12-26,2025-12-26 15:34:39+08:00
159870,化工ETF,0.82,0.8188,-0.15,0.017,2.12,8763930.0,712808464.05,0.807,0.82,0.805,0.803,1.87,4.23,1.24,9.94,4047651.0,4716279.0,16850816.0,2.36,-16606304.0,-2.33,33457120.0,4.69,-4523900.0,-0.63,-12326926.0,-1.73,-113293.0,0.82,0.821,20734107136.0,17001967852,17001967852,2025-12-26,2025-12-26 15:34:18+08:00
562880,电池ETF嘉实,0.867,0.8681,0.13,0.018,2.12,902235.0,78143341.0,0.856,0.88,0.853,0.849,3.18,5.27,1.85,51.49,295132.0,607103.0,27240451.0,34.86,31023063.0,39.7,-3782612.0,-4.84,-24352594.0,-31.16,-2887856.0,-3.7,-30.0,0.867,0.868,1711399600.0,1483783453,1483783453,2025-12-26,2025-12-26 16:11:58+08:00
516390,新能源汽车ETF,1.017,1.0194,0.24,0.021,2.11,161729.0,16413371.0,1.014,1.028,0.998,0.996,3.01,5.71,1.45,-52.07,81701.0,80028.0,2980233.0,18.16,4653381.0,28.35,-1673148.0,-10.19,-1196691.0,-7.29,-1783542.0,-10.87,552.0,1.016,1.018,283261008.0,288076445,288076445,2025-12-26,2025-12-26 16:11:57+08:00
560060,碳中和ETF,1.025,1.0275,0.24,0.021,2.09,76945.0,7876469.0,1.007,1.032,1.007,1.004,2.49,5.13,4.73,-37.07,52536.0,24409.0,3384789.0,42.97,1098844.0,13.95,2285945.0,29.02,-2636828.0,-33.48,-747963.0,-9.5,200.0,1.025,1.026,150090000.0,153842250,153842250,2025-12-26,2025-12-26 16:12:01+08:00
159315,黄金股ETF基金,1.708,1.7102,0.13,0.035,2.09,109200.0,18589471.8,1.682,1.714,1.682,1.673,1.91,11.54,0.96,-40.59,58140.0,51060.0,2773762.0,14.92,1195600.0,6.43,1578162.0,8.49,-1280940.0,-6.89,-1492822.0,-8.03,-616.0,1.708,1.709,94589621.0,161559073,161559073,2025-12-26,2025-12-26 15:34:30+08:00
159857,光伏ETF,0.84,0.8388,-0.14,0.017,2.07,2920895.0,245292450.802,0.831,0.849,0.83,0.823,2.31,10.87,1.98,-4.23,1541185.0,1379710.0,14391902.0,5.87,14494523.0,5.91,-102621.0,-0.04,-5727747.0,-2.34,-8664156.0,-3.53,-11387.0,0.84,0.841,2687515728.0,2257513212,2257513212,2025-12-26,2025-12-26 15:34:12+08:00
159886,机械ETF,1.041,1.0396,-0.13,0.021,2.06,37307.0,3878425.155,1.025,1.047,1.021,1.02,2.55,5.92,1.1,36.72,25312.0,11995.0,371590.0,9.58,554469.0,14.3,-182879.0,-4.72,-269416.0,-6.95,-102174.0,-2.63,-6.0,1.041,1.044,63042555.0,65627300,65627300,2025-12-26,2025-12-26 15:34:24+08:00
515370,光伏ETF华夏,0.94,0.9381,-0.2,0.019,2.06,256063.0,24091786.0,0.95,0.95,0.929,0.921,2.28,1.54,1.31,36.8,131175.0,124888.0,2266546.0,9.41,2037399.0,8.46,229147.0,0.95,-1907871.0,-7.92,-358676.0,-1.49,30.0,0.939,0.94,1661713008.0,1562010228,1562010228,2025-12-26,2025-12-26 16:11:46+08:00
159640,碳中和龙头ETF,1.04,1.0421,0.2,0.021,2.06,75933.0,7890829.48,1.025,1.046,1.024,1.019,2.16,6.73,2.62,-26.24,45845.0,30088.0,1698748.0,21.53,1561557.0,19.79,137191.0,1.74,-1043843.0,-13.23,-654905.0,-8.3,154.0,1.039,1.04,112845198.0,117359006,117359006,2025-12-26,2025-12-26 15:34:06+08:00
159322,黄金股票ETF基金,1.695,1.6984,0.2,0.034,2.05,62081.0,10491553.8,1.669,1.699,1.669,1.661,1.81,10.63,0.86,-81.83,31654.0,30427.0,699204.0,6.66,0.0,0.0,699204.0,6.66,-365418.0,-3.48,-333786.0,-3.18,-724.0,1.695,1.696,58411691.0,99007816,99007816,2025-12-26,2025-12-26 15:34:39+08:00
159642,碳中和100ETF,1.045,1.0475,0.24,0.021,2.05,26936.0,2814633.179,1.029,1.051,1.029,1.024,2.15,5.8,2.66,-20.96,16306.0,10629.0,678497.0,24.11,627600.0,22.3,50897.0,1.81,-501175.0,-17.81,-177322.0,-6.3,10.0,1.038,1.045,46439923.0,48529720,48529720,2025-12-26,2025-12-26 15:34:09+08:00
159616,农牧ETF,0.894,0.8819,-1.37,0.018,2.05,161636.0,14212125.9,0.876,0.894,0.874,0.876,2.28,24.65,1.21,56.54,74965.0,86671.0,824187.0,5.8,0.0,0.0,824187.0,5.8,-617923.0,-4.35,-206264.0,-1.45,1108.0,0.882,0.894,65561112.0,58611634,58611634,2025-12-26,2025-12-26 15:34:30+08:00
159752,新能源龙头ETF,0.698,0.6968,-0.17,0.014,2.05,242878.0,16917010.8,0.686,0.706,0.685,0.684,3.07,3.74,2.05,-15.57,137964.0,104914.0,3612016.0,21.35,5678068.0,33.56,-2066052.0,-12.21,-2375911.0,-14.04,-1236105.0,-7.31,1282.0,0.697,0.698,648958912.0,452973321,452973321,2025-12-26,2025-12-26 15:34:57+08:00
512580,环保ETF,1.304,1.3066,0.2,0.026,2.03,175637.0,22902085.0,1.284,1.319,1.283,1.278,2.82,1.81,2.89,77.02,108626.0,67011.0,1733831.0,7.57,-3413383.0,-14.9,5147214.0,22.47,338678.0,1.48,-2072510.0,-9.05,-37.0,1.302,1.305,971671696.0,1267059892,1267059892,2025-12-26,2025-12-26 16:11:41+08:00
159863,光伏ETF基金,0.653,0.6523,-0.11,0.013,2.03,257513.0,16818307.8,0.646,0.66,0.645,0.64,2.34,6.46,4.35,-10.77,160784.0,96729.0,1347868.0,8.01,944804.0,5.62,403064.0,2.4,-237867.0,-1.41,-1110001.0,-6.6,380.0,0.652,0.653,398729360.0,260370272,260370272,2025-12-26,2025-12-26 15:34:12+08:00
517400,黄金股票ETF,1.647,1.6497,0.16,0.032,1.98,192917.0,31696769.0,1.625,1.653,1.625,1.615,1.73,6.61,1.05,10.96,102354.0,90563.0,6757584.0,21.32,1154043.0,3.64,5603541.0,17.68,-3084277.0,-9.73,-3673307.0,-11.59,300.0,1.646,1.647,291792000.0,480581424,480581424,2025-12-26,2025-12-26 16:11:37+08:00
159123,光伏ETF嘉实,1.036,1.0363,0.03,0.02,1.97,290239.0,30091004.738,1.02,1.048,1.02,1.016,2.76,3.57,1.56,-10.24,179883.0,110356.0,4198241.0,13.95,10747971.0,35.72,-6549730.0,-21.77,-3564388.0,-11.85,-633853.0,-2.11,636.0,1.035,1.036,812047024.0,841280717,841280717,2025-12-26,2025-12-26 15:34:30+08:00
159790,碳中和ETF,0.784,0.7842,0.03,0.015,1.95,1321901.0,103598940.89,0.773,0.792,0.773,0.769,2.47,5.29,3.28,-12.78,301584.0,1020317.0,10017868.0,9.67,68851221.0,66.46,-58833353.0,-56.79,-4837320.0,-4.67,-5180547.0,-5.0,1216.0,0.783,0.784,2499528480.0,1959630328,1959630328,2025-12-26,2025-12-26 15:34:12+08:00
516070,低碳ETF易方达,0.63,0.6324,0.38,0.012,1.94,204312.0,12879867.0,0.621,0.637,0.618,0.618,3.07,5.31,2.36,-8.97,106065.0,98247.0,251853.0,1.96,-7495259.0,-58.19,7747112.0,60.15,58437.0,0.45,-310290.0,-2.41,2.0,0.629,0.631,384646000.0,242326980,242326980,2025-12-26,2025-12-26 16:11:50+08:00
159639,碳中和ETF南方,1.051,1.0542,0.3,0.02,1.94,196126.0,20602936.184,1.031,1.059,1.031,1.031,2.72,5.23,2.35,25.48,99332.0,96794.0,4996389.0,24.25,6638528.0,32.22,-1642139.0,-7.97,-2779658.0,-13.49,-2216731.0,-10.76,-132.0,1.051,1.052,375290176.0,394429975,394429975,2025-12-26,2025-12-26 15:35:03+08:00
562010,绿色能源ETF,1.005,1.0061,0.11,0.019,1.93,17707.0,1771560.0,0.984,1.014,0.984,0.986,3.04,7.94,1.75,-4.6,8654.0,9053.0,485245.0,27.39,161705.0,9.13,323540.0,18.26,-240691.0,-13.59,-244554.0,-13.8,1.0,1.004,1.005,22298700.0,22410194,22410194,2025-12-26,2025-12-26 16:11:35+08:00
159129,化工ETF嘉实,1.065,1.0664,0.13,0.02,1.91,413658.0,43848709.128,1.047,1.067,1.047,1.045,1.91,6.17,0.79,4.48,249489.0,164169.0,238994.0,0.55,-2418951.0,-5.52,2657945.0,6.06,49564.0,0.11,-288559.0,-0.66,-100.0,1.065,1.066,669906592.0,713450520,713450520,2025-12-26,2025-12-26 15:34:42+08:00
159864,光伏50ETF,0.643,0.6421,-0.14,0.012,1.9,408697.0,26301511.7,0.634,0.65,0.634,0.631,2.54,4.54,2.1,34.22,207818.0,200879.0,2171541.0,8.26,1752954.0,6.66,418587.0,1.59,-2036679.0,-7.74,-134860.0,-0.51,-352.0,0.643,0.644,900526832.0,579038753,579038753,2025-12-26,2025-12-26 15:34:48+08:00
562970,光伏ETF易方达,1.125,1.1247,-0.03,0.021,1.9,267837.0,30097850.0,1.114,1.138,1.111,1.104,2.45,4.74,1.31,-12.98,133644.0,134193.0,-96080.0,-0.32,2288258.0,7.6,-2384338.0,-7.92,1459376.0,4.85,-1363296.0,-4.53,20.0,1.124,1.125,565448000.0,636129000,636129000,2025-12-26,2025-12-26 16:11:50+08:00
560560,碳中和ETF泰康,0.76,0.7597,-0.04,0.014,1.88,5385.0,408779.0,0.752,0.765,0.751,0.746,1.88,0.59,0.4,5.44,3907.0,1478.0,53973.0,13.2,0.0,0.0,53973.0,13.2,23904.0,5.85,-77878.0,-19.05,100.0,0.758,0.759,91190100.0,69304476,69304476,2025-12-26,2025-12-26 16:11:39+08:00
562300,碳中和ETF基金,0.763,0.7629,-0.01,0.014,1.87,6583.0,501934.0,0.754,0.77,0.753,0.749,2.27,0.82,4.89,3.3,3949.0,2634.0,211972.0,42.23,0.0,0.0,211972.0,42.23,-23916.0,-4.76,-188056.0,-37.47,1000.0,0.76,0.766,80495000.0,61417685,61417685,2025-12-26,2025-12-26 16:11:44+08:00
515790,光伏ETF,0.988,0.9874,-0.06,0.018,1.86,8743567.0,864156594.0,0.98,0.998,0.977,0.97,2.16,7.31,2.08,8.52,3380886.0,5362681.0,36238284.0,4.19,29310560.0,3.39,6927724.0,0.8,-29944570.0,-3.47,-6293704.0,-0.73,509.0,0.987,0.988,11963493888.0,11819931961,11819931961,2025-12-26,2025-12-26 16:11:50+08:00
159321,黄金股票ETF,1.6,1.6005,0.03,0.029,1.85,175115.0,27950555.5,1.589,1.608,1.576,1.571,2.04,13.48,1.12,16.95,108827.0,66288.0,1947542.0,6.97,-5819607.0,-20.82,7767149.0,27.79,-881152.0,-3.15,-1066390.0,-3.82,-1898.0,1.6,1.601,129900397.0,207840635,207840635,2025-12-26,2025-12-26 15:34:42+08:00
516290,光伏龙头ETF,0.614,0.6133,-0.11,0.011,1.82,819149.0,50308798.0,0.607,0.62,0.607,0.603,2.16,7.56,1.75,5.87,482213.0,336936.0,2066882.0,4.11,1476505.0,2.93,590377.0,1.17,-994379.0,-1.98,-1072503.0,-2.13,279.0,0.613,0.614,1083196896.0,665082894,665082894,2025-12-26,2025-12-26 16:11:33+08:00
510170,大宗商品ETF,1.238,1.2356,-0.19,0.022,1.81,141136.0,17371759.0,1.221,1.24,1.221,1.216,1.56,5.41,2.68,-16.37,84786.0,56350.0,-2486441.0,-14.31,1501907.0,8.65,-3988348.0,-22.96,2470874.0,14.22,15567.0,0.09,2.0,1.237,1.238,260914800.0,323012522,323012522,2025-12-26,2025-12-26 16:11:44+08:00
159122,创业板新能源ETF富国,1.013,1.012,-0.1,0.018,1.81,56042.0,5671639.829,0.995,1.025,0.995,0.995,3.02,7.88,2.15,-1.31,28046.0,27996.0,1887679.0,33.28,3390684.0,59.78,-1503005.0,-26.5,-1409811.0,-24.86,-477869.0,-8.43,-72.0,1.013,1.014,71160935.0,72086027,72086027,2025-12-26,2025-12-26 15:34:30+08:00
159913,深价值ETF,2.434,2.4296,-0.18,0.042,1.76,356.0,86249.6,2.41,2.434,2.41,2.392,1.0,0.14,21.98,97.06,87.0,269.0,0.0,0.0,0.0,0.0,0.0,0.0,71672.0,83.1,-71672.0,-83.1,1.0,2.411,2.458,25029693.0,60922273,60922273,2025-12-26,2025-12-26 15:34:42+08:00
159861,碳中和50ETF,1.17,1.1696,-0.03,0.02,1.74,62809.0,7335430.3,1.147,1.18,1.147,1.15,2.87,2.55,2.09,14.97,38197.0,24612.0,-165948.0,-2.26,0.0,0.0,-165948.0,-2.26,372243.0,5.07,-206294.0,-2.81,25.0,1.168,1.17,246117535.0,287957516,287957516,2025-12-26,2025-12-26 15:34:45+08:00
159542,工程机械ETF,1.417,1.4159,-0.08,0.024,1.72,15181.0,2140246.9,1.395,1.419,1.39,1.393,2.08,14.33,2.17,-25.93,7231.0,7950.0,371110.0,17.34,0.0,0.0,371110.0,17.34,-169601.0,-7.92,-201510.0,-9.42,-108.0,1.417,1.418,10592850.0,15010068,15010068,2025-12-26,2025-12-26 15:34:39+08:00
159387,创业板新能源ETF国泰,1.659,1.6607,0.1,0.028,1.72,328481.0,54568368.6,1.656,1.682,1.623,1.631,3.62,9.56,0.87,74.41,159589.0,168892.0,2558197.0,4.69,-1117888.0,-2.05,3676085.0,6.74,-1948757.0,-3.57,-609439.0,-1.12,-950.0,1.659,1.66,343594832.0,570023826,570023826,2025-12-26,2025-12-26 15:34:06+08:00
516120,化工50ETF,0.886,0.8885,0.28,0.015,1.72,4177180.0,370517911.0,0.875,0.89,0.873,0.871,1.95,31.02,9.07,-12.29,3695464.0,481716.0,5733463.0,1.55,35804608.0,9.66,-30071145.0,-8.12,-4182862.0,-1.13,-1550599.0,-0.42,-1200.0,0.886,0.887,1346582000.0,1193071652,1193071652,2025-12-26,2025-12-26 16:11:33+08:00
516880,光伏50ETF,0.831,0.8328,0.22,0.014,1.71,678745.0,56512054.0,0.825,0.842,0.824,0.817,2.2,2.71,1.28,-49.07,293372.0,385374.0,13865542.0,24.54,11571765.0,20.48,2293777.0,4.06,-7060483.0,-12.49,-6805060.0,-12.04,-42.0,0.831,0.832,2505944096.0,2082439544,2082439544,2025-12-26,2025-12-26 16:11:53+08:00
159638,高端装备ETF,1.017,1.015,-0.2,0.017,1.7,952781.0,96022478.477,1.002,1.022,0.994,1.0,2.8,4.89,1.24,-20.8,494385.0,458396.0,10323123.0,10.75,14187716.0,14.78,-3864593.0,-4.02,-6302175.0,-6.56,-4020948.0,-4.19,-4001.0,1.017,1.018,1948341936.0,1981463749,1981463749,2025-12-26,2025-12-26 15:34:24+08:00
516220,化工龙头ETF,0.903,0.9049,0.21,0.015,1.69,588586.0,52735759.0,0.888,0.905,0.888,0.888,1.91,21.79,3.92,-14.31,239102.0,349484.0,15805664.0,29.97,20016435.0,37.96,-4210771.0,-7.98,-10025578.0,-19.01,-5780085.0,-10.96,-200.0,0.903,0.904,270170000.0,243963510,243963510,2025-12-26,2025-12-26 16:11:37+08:00
159368,创业板新能源ETF华夏,1.5,1.5005,0.03,0.025,1.69,585251.0,87710667.9,1.481,1.52,1.481,1.475,2.64,12.13,1.12,6.56,336583.0,248668.0,111032.0,0.13,1622774.0,1.85,-1511742.0,-1.72,2309917.0,2.63,-2420949.0,-2.76,342.0,1.499,1.5,482289840.0,723434760,723434760,2025-12-26,2025-12-26 15:34:09+08:00
159261,创业板新能源ETF鹏华,1.576,1.5766,0.04,0.026,1.68,161557.0,25518596.5,1.555,1.597,1.555,1.55,2.71,31.18,1.37,78.53,83494.0,78063.0,1622760.0,6.36,1637092.0,6.42,-14332.0,-0.06,-1130294.0,-4.43,-492465.0,-1.93,31.0,1.575,1.576,51814904.0,81660289,81660289,2025-12-26,2025-12-26 15:34:15+08:00
516270,新能源50ETF,0.678,0.6797,0.25,0.011,1.65,286131.0,19410392.0,0.671,0.688,0.67,0.667,2.7,7.17,2.09,-57.97,129473.0,156658.0,2984473.0,15.38,3189740.0,16.43,-205267.0,-1.06,-1990028.0,-10.25,-994445.0,-5.12,-300.0,0.678,0.679,398909008.0,270460307,270460307,2025-12-26,2025-12-26 16:11:44+08:00
159885,碳中和ETF基金,0.806,0.8086,0.32,0.013,1.64,28896.0,2335526.8,0.802,0.816,0.8,0.793,2.02,0.93,1.46,14.09,18058.0,10838.0,675497.0,28.92,675955.0,28.94,-458.0,-0.02,-359829.0,-15.41,-315667.0,-13.52,-1.0,0.806,0.807,310467312.0,250236653,250236653,2025-12-26,2025-12-26 15:34:24+08:00
516180,光伏ETF基金,0.813,0.8127,-0.04,0.013,1.63,129331.0,10538976.0,0.804,0.821,0.804,0.8,2.13,11.15,1.69,17.25,74400.0,54931.0,773554.0,7.34,8894.0,0.08,764660.0,7.26,-644074.0,-6.11,-129481.0,-1.23,-1014.0,0.813,0.814,115987000.0,94297431,94297431,2025-12-26,2025-12-26 16:11:37+08:00
516960,机械ETF,1.004,1.0059,0.19,0.016,1.62,8529.0,856531.0,0.994,1.011,0.986,0.988,2.53,5.67,1.91,-2.27,2901.0,5628.0,29116.0,3.4,0.0,0.0,29116.0,3.4,56116.0,6.55,-85232.0,-9.95,-40.0,1.004,1.007,15051100.0,15111304,15111304,2025-12-26,2025-12-26 16:11:59+08:00
159906,深成长ETF大成,1.483,1.4858,0.19,0.023,1.58,62574.0,9237269.8,1.456,1.492,1.456,1.46,2.47,5.27,1.49,49.52,28048.0,34526.0,1696666.0,18.37,-740500.0,-8.02,2437166.0,26.38,-287508.0,-3.11,-1409159.0,-15.26,-55.0,1.483,1.485,118639725.0,175942712,175942712,2025-12-26,2025-12-26 15:35:00+08:00
159980,有色ETF,1.994,1.9933,-0.04,0.03,1.53,5024636.0,1002564125.9,1.991,2.013,1.98,1.964,1.68,25.23,1.68,57.76,2558915.0,2465721.0,-46331730.0,-4.62,-51011986.0,-5.09,4680256.0,0.47,33092066.0,3.3,13239656.0,1.32,-25012.0,1.994,1.995,1991824784.0,3971698619,3971698619,2025-12-26,2025-12-26 15:34:54+08:00
560280,工程机械ETF,1.599,1.6029,0.24,0.024,1.52,1054216.0,168927988.0,1.574,1.609,1.571,1.575,2.41,25.82,2.29,-48.06,782526.0,271690.0,-3314371.0,-1.96,30596434.0,18.11,-33910805.0,-20.07,511798.0,0.3,2802574.0,1.66,-1997.0,1.599,1.602,408252000.0,652794948,652794948,2025-12-26,2025-12-26 16:11:41+08:00
516250,工程机械ETF富国,1.01,1.014,0.39,0.015,1.51,904956.0,91646962.0,0.99,1.018,0.99,0.995,2.81,56.6,3.5,-0.49,669448.0,235508.0,6802003.0,7.42,-529583.0,-0.58,7331586.0,8.0,-5339410.0,-5.83,-1462593.0,-1.6,-100.0,1.01,1.013,159878000.0,161476780,161476780,2025-12-26,2025-12-26 16:11:56+08:00
159230,通用航空ETF基金,1.228,1.2254,-0.21,0.018,1.49,80648.0,9864614.756,1.211,1.235,1.208,1.21,2.23,17.05,1.47,45.38,38494.0,42154.0,-1060361.0,-10.75,-475968.0,-4.83,-584393.0,-5.92,57121.0,0.58,1003241.0,10.17,241.0,1.226,1.228,47304228.0,58089592,58089592,2025-12-26,2025-12-26 15:35:00+08:00
561760,油气ETF博时,1.103,1.1015,-0.14,0.016,1.47,41649.0,4569946.0,1.092,1.106,1.09,1.087,1.47,15.31,0.9,23.02,20939.0,20710.0,188619.0,4.13,0.0,0.0,188619.0,4.13,-91877.0,-2.01,-96742.0,-2.12,72.0,1.099,1.106,27195000.0,29996085,29996085,2025-12-26,2025-12-26 16:11:35+08:00
159255,通用航空ETF易方达,1.105,1.1071,0.19,0.016,1.47,99895.0,11043818.924,1.091,1.114,1.091,1.089,2.11,11.57,1.9,-9.92,49563.0,50332.0,1640382.0,14.85,3092307.0,28.0,-1451925.0,-13.15,-891280.0,-8.07,-749101.0,-6.78,242.0,1.103,1.105,86338868.0,95404449,95404449,2025-12-26,2025-12-26 15:34:06+08:00
159731,石化ETF,0.901,0.898,-0.33,0.013,1.46,153443.0,13754662.2,0.888,0.901,0.888,0.888,1.46,6.44,2.41,12.35,120241.0,33202.0,-5656041.0,-41.12,-2050112.0,-14.9,-3605929.0,-26.22,731438.0,5.32,4924603.0,35.8,2.0,0.898,0.901,238375802.0,214776598,214776598,2025-12-26,2025-12-26 15:34:06+08:00
515210,钢铁ETF,1.456,1.4548,-0.08,0.021,1.46,969949.0,140969689.0,1.437,1.462,1.437,1.435,1.74,4.11,1.77,35.25,388657.0,581292.0,-7089511.0,-5.03,-21994789.0,-15.6,14905278.0,10.57,7970488.0,5.65,-880977.0,-0.62,-30.0,1.456,1.457,2362726096.0,3440129196,3440129196,2025-12-26,2025-12-26 16:11:55+08:00
159981,能源化工ETF,1.271,1.2745,0.27,0.018,1.44,2513623.0,317505916.67,1.256,1.28,1.248,1.253,2.55,19.75,1.73,-22.41,1613453.0,900170.0,40782417.0,12.84,61326993.0,19.32,-20544576.0,-6.47,-18999283.0,-5.98,-21783133.0,-6.86,-21710.0,1.271,1.272,1272536960.0,1617394476,1617394476,2025-12-26,2025-12-26 15:34:57+08:00
159231,通用航空ETF华宝,0.641,0.6397,-0.2,0.009,1.42,134010.0,8557354.0,0.632,0.644,0.63,0.632,2.22,9.78,1.27,27.61,57512.0,76498.0,702018.0,8.2,2067274.0,24.16,-1365256.0,-15.95,-528350.0,-6.17,-173667.0,-2.03,66.0,0.64,0.641,137091860.0,87875882,87875882,2025-12-26,2025-12-26 15:34:51+08:00
561360,石油ETF,1.215,1.2142,-0.07,0.017,1.42,262087.0,31790190.0,1.203,1.22,1.2,1.198,1.67,15.05,1.53,-51.59,133781.0,128306.0,-6998841.0,-22.02,-4365344.0,-13.73,-2633497.0,-8.28,465567.0,1.46,6533274.0,20.55,627.0,1.212,1.214,174148000.0,211589820,211589820,2025-12-26,2025-12-26 16:11:40+08:00
159323,港股通汽车ETF,1.289,1.2664,-1.78,0.018,1.42,329033.0,42086587.9,1.266,1.289,1.264,1.271,1.97,28.59,0.64,7.51,172671.0,156362.0,1939796.0,4.61,-433995.0,-1.03,2373791.0,5.64,-1589501.0,-3.78,-350296.0,-0.83,715.0,1.287,1.289,115097378.0,148360520,148360520,2025-12-26,2025-12-26 15:34:45+08:00
159766,旅游ETF,0.798,0.7968,-0.15,0.011,1.4,3914129.0,310705806.525,0.785,0.798,0.783,0.787,1.91,6.28,0.83,-32.22,2256645.0,1657484.0,13372794.0,4.3,43477712.0,13.99,-30104918.0,-9.69,-14877272.0,-4.79,1504477.0,0.48,11299.0,0.797,0.798,6236641024.0,4976839537,4976839537,2025-12-26,2025-12-26 15:34:24+08:00
560980,光伏ETF龙头,0.726,0.7263,0.04,0.01,1.4,714770.0,51838204.0,0.718,0.733,0.716,0.716,2.37,12.67,1.93,-33.32,418333.0,296437.0,6148057.0,11.86,6192427.0,11.95,-44370.0,-0.09,-5093530.0,-9.83,-1054526.0,-2.03,284.0,0.725,0.726,564022000.0,409479972,409479972,2025-12-26,2025-12-26 16:12:00+08:00
562910,高端制造ETF,0.882,0.8829,0.1,0.012,1.38,103814.0,9132367.0,0.872,0.887,0.872,0.87,1.72,5.52,1.6,-7.65,50340.0,53474.0,1670721.0,18.29,452174.0,4.95,1218547.0,13.34,-1203424.0,-13.18,-467298.0,-5.12,18.0,0.881,0.882,188227300.0,166016479,166016479,2025-12-26,2025-12-26 16:11:40+08:00
159241,航空航天ETF天弘,1.34,1.3368,-0.24,0.018,1.36,834390.0,111345958.5,1.35,1.35,1.316,1.322,2.57,18.42,1.21,-33.78,403294.0,431096.0,-676474.0,-0.61,7369250.0,6.62,-8045724.0,-7.23,-1247502.0,-1.12,1923976.0,1.73,710.0,1.339,1.34,453074272.0,607119524,607119524,2025-12-26,2025-12-26 15:34:06+08:00
159267,航天ETF,1.127,1.1228,-0.37,0.015,1.35,733105.0,82119712.83,1.117,1.131,1.105,1.112,2.34,16.95,1.3,48.44,332246.0,400860.0,-8693214.0,-10.59,-6238692.0,-7.6,-2454522.0,-2.99,3414847.0,4.16,5278367.0,6.43,2959.0,1.126,1.127,432506128.0,487434406,487434406,2025-12-26,2025-12-26 15:34:15+08:00
159378,通用航空ETF,1.323,1.3251,0.16,0.017,1.3,464967.0,61459679.451,1.307,1.331,1.304,1.306,2.07,7.71,1.24,-20.2,244194.0,220773.0,5630052.0,9.16,919115.0,1.5,4710937.0,7.67,-5057369.0,-8.23,-572683.0,-0.93,661.0,1.322,1.323,602771072.0,797466128,797466128,2025-12-26,2025-12-26 15:35:00+08:00
520600,港股汽车ETF,1.244,1.226,-1.47,0.016,1.3,915540.0,113519100.0,1.23,1.246,1.227,1.228,1.55,20.93,1.3,-32.35,463399.0,452141.0,-1992398.0,-1.76,939588.0,0.83,-2931986.0,-2.58,2720176.0,2.4,-727778.0,-0.64,565.0,1.243,1.244,437368000.0,544085792,544085792,2025-12-26,2025-12-26 16:11:32+08:00
516380,智能电动车ETF,1.025,1.0252,0.02,0.013,1.28,17655.0,1805123.0,0.997,1.032,0.997,1.012,3.46,1.87,1.75,-10.41,11093.0,6562.0,35066.0,1.94,720588.0,39.92,-685522.0,-37.98,19045.0,1.06,-54111.0,-3.0,1.0,1.024,1.027,94449300.0,96810533,96810533,2025-12-26,2025-12-26 16:11:46+08:00
159121,恒生汽车ETF,0.961,0.9517,-0.98,0.012,1.26,58337.0,5569968.128,0.949,0.961,0.949,0.949,1.26,3.05,1.15,-53.15,47393.0,10944.0,-120488.0,-2.16,0.0,0.0,-120488.0,-2.16,179344.0,3.22,-58856.0,-1.06,-622.0,0.961,0.962,191481127.0,184013363,184013363,2025-12-26,2025-12-26 15:34:27+08:00
562510,旅游ETF,0.805,0.8052,0.02,0.01,1.26,1447142.0,116339402.0,0.795,0.807,0.792,0.795,1.89,18.43,1.62,8.41,1142358.0,304784.0,1791098.0,1.54,-21651575.0,-18.61,23442673.0,20.15,-812807.0,-0.7,-978291.0,-0.84,-500.0,0.805,0.806,785095008.0,632001481,632001481,2025-12-26,2025-12-26 16:11:44+08:00
512680,军工ETF龙头,1.364,1.3655,0.11,0.017,1.26,2256524.0,306319643.0,1.351,1.373,1.343,1.347,2.23,4.73,1.62,-33.13,722671.0,1533853.0,24919174.0,8.14,59479256.0,19.42,-34560082.0,-11.28,-14879481.0,-4.86,-10039693.0,-3.28,-7.0,1.364,1.365,4768130048.0,6503729385,6503729385,2025-12-26,2025-12-26 16:11:47+08:00
516320,高端装备ETF,1.014,1.0159,0.19,0.012,1.2,47196.0,4786481.0,1.015,1.02,1.004,1.002,1.6,5.71,1.83,-21.43,28110.0,19086.0,20508.0,0.43,101.0,0.0,20407.0,0.43,261385.0,5.46,-281894.0,-5.89,-5.0,1.015,1.016,82589300.0,83745550,83745550,2025-12-26,2025-12-26 16:11:59+08:00
159587,粮食ETF广发,1.356,1.3583,0.17,0.016,1.19,25393.0,3430976.3,1.341,1.359,1.341,1.34,1.34,22.18,1.26,-70.99,10793.0,14600.0,74933.0,2.18,0.0,0.0,74933.0,2.18,-156657.0,-4.57,81724.0,2.38,53.0,1.353,1.356,11447031.0,15522174,15522174,2025-12-26,2025-12-26 15:34:54+08:00
159512,汽车ETF,1.45,1.4496,-0.03,0.017,1.19,67849.0,9863415.9,1.44,1.466,1.433,1.433,2.3,12.28,1.66,4.62,41826.0,26023.0,-1335577.0,-13.54,-1183398.0,-12.0,-152179.0,-1.54,1336090.0,13.55,-512.0,-0.01,-737.0,1.45,1.451,55264855.0,80134040,80134040,2025-12-26,2025-12-26 15:34:30+08:00
516590,智能汽车ETF易方达,1.293,1.2944,0.11,0.015,1.17,34383.0,4451084.0,1.278,1.303,1.278,1.278,1.96,4.77,0.73,-0.93,4861.0,29522.0,310642.0,6.98,841154.0,18.9,-530512.0,-11.92,42785.0,0.96,-353428.0,-7.94,-10.0,1.292,1.294,72015000.0,93115395,93115395,2025-12-26,2025-12-26 16:12:01+08:00
589960,科创新能源ETF易方达,1.035,1.0337,-0.13,0.012,1.17,415281.0,43177911.0,1.038,1.054,1.029,1.023,2.44,15.31,1.31,-10.15,226591.0,188690.0,5404854.0,12.52,1956782.0,4.53,3448072.0,7.99,-4069157.0,-9.42,-1335698.0,-3.09,6.0,1.034,1.035,271316000.0,280812060,280812060,2025-12-26,2025-12-26 16:12:00+08:00
159713,稀土ETF,1.304,1.3049,0.07,0.015,1.16,627026.0,81480620.706,1.295,1.308,1.288,1.289,1.55,7.09,1.27,-69.27,331843.0,295183.0,13958137.0,17.13,5100495.0,6.26,8857642.0,10.87,-6233691.0,-7.65,-7724446.0,-9.48,2108.0,1.303,1.304,884755056.0,1153720593,1153720593,2025-12-26,2025-12-26 15:34:18+08:00
560000,智慧电车ETF,0.875,0.8751,0.01,0.01,1.16,8129.0,711407.0,0.867,0.882,0.867,0.865,1.73,7.37,6.7,-16.09,680.0,7449.0,66930.0,9.41,-4365.0,-0.61,71295.0,10.02,-30198.0,-4.24,-36733.0,-5.16,11.0,0.874,0.875,11022900.0,9645038,9645038,2025-12-26,2025-12-26 16:11:59+08:00
561370,2000ETF,1.408,1.4001,-0.56,0.016,1.15,1488.0,208217.0,1.401,1.408,1.389,1.392,1.36,0.67,0.68,-83.99,434.0,1054.0,37588.0,18.05,0.0,0.0,37588.0,18.05,-32829.0,-15.77,-4759.0,-2.29,50.0,1.395,1.406,22356000.0,31477248,31477248,2025-12-26,2025-12-26 16:11:53+08:00
512660,军工ETF,1.332,1.3352,0.24,0.015,1.14,5255479.0,697910130.0,1.318,1.342,1.312,1.317,2.28,5.92,1.12,-23.69,2656873.0,2598606.0,178846135.0,25.63,288032334.0,41.27,-109186199.0,-15.64,-122886288.0,-17.61,-55959848.0,-8.02,-435.0,1.332,1.333,8871079936.0,11816278475,11816278475,2025-12-26,2025-12-26 16:11:36+08:00
588830,科创新能源ETF,1.504,1.5041,0.01,0.017,1.14,857652.0,129591182.0,1.497,1.535,1.497,1.487,2.56,10.54,1.35,-5.33,438025.0,419627.0,5460441.0,4.21,-1405680.0,-1.08,6866121.0,5.3,-2164990.0,-1.67,-3295451.0,-2.54,-5.0,1.504,1.505,813847904.0,1224027248,1224027248,2025-12-26,2025-12-26 16:11:56+08:00
562850,央企能源ETF,1.264,1.2639,-0.01,0.014,1.12,80955.0,10179228.0,1.25,1.267,1.25,1.25,1.36,13.96,1.04,27.41,50952.0,30003.0,318381.0,3.13,0.0,0.0,318381.0,3.13,-248835.0,-2.44,-69546.0,-0.68,1.0,1.263,1.267,57981500.0,73288616,73288616,2025-12-26,2025-12-26 16:11:36+08:00
562340,中证500成长ETF,1.287,1.288,0.08,0.014,1.1,1650.0,213038.0,1.283,1.294,1.281,1.273,1.02,1.8,0.92,-76.74,1367.0,283.0,51385.0,24.12,0.0,0.0,51385.0,24.12,0.0,0.0,-51385.0,-24.12,-10.0,1.287,1.292,9144300.0,11768714,11768714,2025-12-26,2025-12-26 16:11:52+08:00
159703,新材料ETF,0.837,0.8352,-0.22,0.009,1.09,84147.0,7023778.7,0.832,0.841,0.83,0.828,1.33,10.44,1.22,-72.09,47426.0,36721.0,910767.0,12.97,1941984.0,27.65,-1031217.0,-14.68,-816080.0,-11.62,-94688.0,-1.35,60.0,0.836,0.837,80581591.0,67446792,67446792,2025-12-26,2025-12-26 15:34:57+08:00
159309,油气资源ETF,1.138,1.1389,0.08,0.012,1.07,45960.0,5233580.2,1.124,1.144,1.124,1.126,1.78,8.95,0.92,-37.69,20708.0,25252.0,401408.0,7.67,451.0,0.01,400957.0,7.66,-365501.0,-6.98,-35906.0,-0.69,1.0,1.137,1.139,51371736.0,58461036,58461036,2025-12-26,2025-12-26 15:34:45+08:00
560120,现金流500ETF,1.234,1.2338,-0.02,0.013,1.06,32427.0,3988295.0,1.221,1.235,1.221,1.221,1.15,8.38,1.48,-41.97,27389.0,5038.0,66606.0,1.67,0.0,0.0,66606.0,1.67,7585.0,0.19,-74191.0,-1.86,-1.0,1.229,1.235,38689000.0,47742226,47742226,2025-12-26,2025-12-26 16:11:57+08:00
563580,自由现金流ETF800,1.145,1.1432,-0.16,0.012,1.06,101562.0,11575008.0,1.136,1.145,1.136,1.133,0.79,2.38,1.2,-11.28,47548.0,54014.0,1510007.0,13.05,1594062.0,13.77,-84055.0,-0.73,-934743.0,-8.08,-575265.0,-4.97,2.0,1.143,1.145,426648000.0,488511960,488511960,2025-12-26,2025-12-26 16:11:32+08:00
159698,粮食ETF,1.055,1.0563,0.12,0.011,1.05,120439.0,12679777.132,1.043,1.057,1.043,1.044,1.34,9.68,1.74,-88.52,72332.0,48107.0,-900816.0,-7.1,1449969.0,11.44,-2350785.0,-18.54,1233971.0,9.73,-333155.0,-2.63,129.0,1.054,1.055,124444378.0,131288819,131288819,2025-12-26,2025-12-26 15:35:03+08:00
159613,信息安全ETF,0.964,0.9641,0.01,0.01,1.05,19627.0,1891659.7,0.955,0.97,0.954,0.954,1.68,3.35,0.55,3.14,11380.0,8247.0,130989.0,6.92,4244.0,0.22,126745.0,6.7,4709.0,0.25,-135698.0,-7.17,20.0,0.962,0.964,58590217.0,56480969,56480969,2025-12-26,2025-12-26 15:34:12+08:00
512810,军工ETF华宝,0.771,0.7726,0.21,0.008,1.05,1391510.0,106904844.0,0.764,0.777,0.76,0.763,2.23,12.21,1.24,-38.68,609396.0,782114.0,17739554.0,16.59,39973806.0,37.39,-22234252.0,-20.8,-11108793.0,-10.39,-6630761.0,-6.2,-201.0,0.771,0.772,1139583504.0,878618882,878618882,2025-12-26,2025-12-26 16:11:42+08:00
563030,中证500增强ETF易方达,1.356,1.3547,-0.1,0.014,1.04,43057.0,5826875.0,1.342,1.36,1.342,1.342,1.34,4.5,2.1,-8.4,17209.0,25848.0,595138.0,10.21,1354000.0,23.24,-758862.0,-13.02,-423131.0,-7.26,-172007.0,-2.95,370.0,1.353,1.356,95669000.0,129727164,129727164,2025-12-26,2025-12-26 16:11:46+08:00
563150,油气资源ETF,1.096,1.0969,0.08,0.011,1.01,13775.0,1510058.0,1.086,1.102,1.086,1.085,1.47,11.11,1.6,-64.86,5485.0,8290.0,302100.0,20.01,-3077.0,-0.2,305177.0,20.21,-130384.0,-8.63,-171715.0,-11.37,-5.0,1.096,1.097,12399000.0,13589304,13589304,2025-12-26,2025-12-26 16:11:58+08:00
563760,全指自由现金流ETF,1.214,1.2104,-0.3,0.012,1.0,922415.0,111539929.0,1.204,1.214,1.204,1.202,0.83,13.77,1.04,88.54,414149.0,508266.0,-1698851.0,-1.52,-4197992.0,-3.76,2499141.0,2.24,1704381.0,1.53,-5530.0,0.0,900.0,1.212,1.216,669913200.0,813274625,813274625,2025-12-26,2025-12-26 16:11:58+08:00
159210,港股汽车ETF,1.019,1.0075,-1.14,0.01,0.99,164922.0,16751770.9,1.01,1.019,0.999,1.009,1.98,34.25,1.17,-30.78,100323.0,64599.0,155707.0,0.93,2067399.0,12.34,-1911692.0,-11.41,-26188.0,-0.16,-129520.0,-0.77,1732.0,1.018,1.019,48149802.0,49064648,49064648,2025-12-26,2025-12-26 15:34:27+08:00
520720,香港汽车ETF,0.915,0.9065,-0.94,0.009,0.99,132134.0,12050128.0,0.906,0.915,0.906,0.906,0.99,9.44,1.0,77.5,86280.0,45854.0,-765683.0,-6.35,-73850.0,-0.61,-691833.0,-5.74,700164.0,5.81,65518.0,0.54,218.0,0.914,0.915,139942000.0,128046930,128046930,2025-12-26,2025-12-26 16:11:44+08:00
561570,油气ETF华泰柏瑞,1.136,1.1381,0.18,0.011,0.98,32458.0,3683380.0,1.127,1.141,1.126,1.125,1.33,15.35,1.38,1.5,15137.0,17321.0,84238.0,2.29,0.0,0.0,84238.0,2.29,-33780.0,-0.92,-50458.0,-1.37,-190.0,1.135,1.141,21147000.0,24022992,24022992,2025-12-26,2025-12-26 16:11:44+08:00
588960,科创板新能源ETF,1.359,1.361,0.15,0.013,0.97,122994.0,16810249.0,1.351,1.385,1.351,1.346,2.53,7.71,1.44,38.17,56590.0,66404.0,4120909.0,24.51,6196115.0,36.86,-2075206.0,-12.34,-3895143.0,-23.17,-225765.0,-1.34,-108.0,1.359,1.36,159579800.0,216868948,216868948,2025-12-26,2025-12-26 16:12:00+08:00
561260,能源ETF,1.255,1.2559,0.07,0.012,0.97,41673.0,5194836.0,1.245,1.259,1.243,1.243,1.29,15.97,0.98,39.85,17075.0,24598.0,41070.0,0.79,0.0,0.0,41070.0,0.79,-70713.0,-1.36,29644.0,0.57,16.0,1.255,1.259,26095200.0,32749476,32749476,2025-12-26,2025-12-26 16:11:46+08:00
516460,现金流ETF800,1.248,1.2494,0.11,0.012,0.97,31942.0,3982329.0,1.238,1.249,1.238,1.236,0.89,1.26,1.67,-25.9,16875.0,15067.0,2224490.0,55.86,1207696.0,30.33,1016794.0,25.53,-876040.0,-22.0,-1348450.0,-33.86,5.0,1.244,1.248,253693000.0,316608864,316608864,2025-12-26,2025-12-26 16:11:43+08:00
159720,智能车ETF泰康,0.852,0.8533,0.15,0.008,0.95,8492.0,723033.951,0.849,0.859,0.846,0.844,1.54,1.25,1.21,-10.4,3586.0,4906.0,-36234.0,-5.01,0.0,0.0,-36234.0,-5.01,139546.0,19.3,-103312.0,-14.29,-31.0,0.852,0.853,67812357.0,57776128,57776128,2025-12-26,2025-12-26 15:35:03+08:00
560650,核心50ETF,1.06,1.0613,0.12,0.01,0.95,4443.0,470501.0,1.05,1.066,1.05,1.05,1.52,4.72,4.01,-50.72,3292.0,1151.0,93696.0,19.91,0.0,0.0,93696.0,19.91,-63600.0,-13.52,-30096.0,-6.4,1.0,1.056,1.06,9419200.0,9984352,9984352,2025-12-26,2025-12-26 16:11:54+08:00
516150,稀土ETF嘉实,1.81,1.811,0.06,0.017,0.95,1638192.0,295571457.0,1.797,1.817,1.787,1.793,1.67,3.73,1.32,-8.47,861024.0,777168.0,14874837.0,5.03,3061209.0,1.04,11813628.0,4.0,-8801090.0,-2.98,-6073749.0,-2.05,161.0,1.809,1.811,4391077120.0,7947849587,7947849587,2025-12-26,2025-12-26 16:11:40+08:00
516950,基建ETF,1.175,1.1755,0.04,0.011,0.95,149029.0,17469653.0,1.164,1.178,1.164,1.164,1.2,5.87,0.89,-46.05,73565.0,75465.0,1377553.0,7.89,186573.0,1.07,1190980.0,6.82,-775954.0,-4.44,-601599.0,-3.44,26.0,1.175,1.176,253821000.0,298239675,298239675,2025-12-26,2025-12-26 16:11:46+08:00
159237,港股汽车ETF基金,1.06,1.0491,-1.04,0.01,0.95,84865.0,8970405.4,1.049,1.062,1.048,1.05,1.33,14.8,1.55,29.57,49123.0,35742.0,819236.0,9.13,2721.0,0.03,816515.0,9.1,-594382.0,-6.63,-224852.0,-2.51,-7.0,1.06,1.061,57334226.0,60774280,60774280,2025-12-26,2025-12-26 15:34:54+08:00
515150,一带一路ETF,1.499,1.4952,-0.25,0.014,0.94,21678.0,3233425.0,1.496,1.5,1.485,1.485,1.01,0.4,1.12,-45.72,10808.0,10870.0,252479.0,7.81,72253.0,2.23,180226.0,5.57,-246844.0,-7.63,-5635.0,-0.17,20.0,1.49,1.499,546703200.0,819508097,819508097,2025-12-26,2025-12-26 16:11:38+08:00
159223,现金流ETF永赢,1.178,1.1803,0.19,0.011,0.94,107075.0,12598204.75,1.171,1.181,1.171,1.167,0.86,2.43,1.19,-69.06,58353.0,48722.0,1195675.0,9.49,2175627.0,17.27,-979952.0,-7.78,-1063162.0,-8.44,-132513.0,-1.05,-3000.0,1.177,1.178,439844752.0,518137118,518137118,2025-12-26,2025-12-26 15:34:57+08:00
516570,化工行业ETF,0.971,0.9733,0.24,0.009,0.94,97390.0,9449702.0,0.96,0.975,0.96,0.962,1.56,5.59,1.32,18.64,65449.0,31941.0,-3180720.0,-33.66,-971276.0,-10.28,-2209444.0,-23.38,-207983.0,-2.2,3388704.0,35.86,127.0,0.971,0.972,174357600.0,169301230,169301230,2025-12-26,2025-12-26 16:11:40+08:00
516110,汽车ETF,1.415,1.4152,0.01,0.013,0.93,553205.0,78252508.0,1.402,1.424,1.402,1.402,1.57,13.31,1.72,-34.15,282820.0,270385.0,23253734.0,29.72,18336295.0,23.43,4917439.0,6.28,-22698854.0,-29.01,-554880.0,-0.71,58.0,1.414,1.415,415623104.0,588106692,588106692,2025-12-26,2025-12-26 16:11:50+08:00
159566,储能电池ETF,2.169,2.1689,0.0,0.02,0.93,1126548.0,244734595.329,2.15,2.203,2.15,2.149,2.47,6.17,1.19,51.49,620705.0,505843.0,-5820967.0,-2.38,-7657515.0,-3.13,1836548.0,0.75,7768552.0,3.17,-1947585.0,-0.8,-3985.0,2.169,2.17,1824739776.0,3957860574,3957860574,2025-12-26,2025-12-26 15:35:00+08:00
159392,航空ETF,1.196,1.1967,0.06,0.011,0.93,125405.0,14990272.3,1.186,1.205,1.18,1.185,2.11,17.23,1.38,50.06,61570.0,63835.0,691204.0,4.61,-267072.0,-1.78,958276.0,6.39,-1131829.0,-7.55,440624.0,2.94,-1286.0,1.196,1.197,72785500.0,87051458,87051458,2025-12-26,2025-12-26 15:34:12+08:00
159831,上海金ETF嘉实,9.743,9.7525,0.1,0.089,0.92,69628.0,67803087.3,9.751,9.807,9.714,9.654,0.96,4.68,1.33,-12.33,26811.0,42817.0,-4351450.0,-6.42,2795539.0,4.12,-7146989.0,-10.54,1066869.0,1.57,3284581.0,4.84,-41.0,9.743,9.744,148856243.0,1450306376,1450306376,2025-12-26,2025-12-26 15:34:57+08:00
562330,中证500价值ETF,1.202,1.1995,-0.21,0.011,0.92,15251.0,1827351.0,1.19,1.206,1.19,1.191,1.34,8.46,3.56,32.48,4221.0,11030.0,96769.0,5.3,0.0,0.0,96769.0,5.3,-59800.0,-3.27,-36969.0,-2.02,15.0,1.192,1.217,18018900.0,21658718,21658718,2025-12-26,2025-12-26 16:12:01+08:00
159227,航空航天ETF,1.313,1.3123,-0.05,0.012,0.92,3516083.0,459830163.296,1.311,1.323,1.29,1.301,2.54,21.13,1.28,3.7,1696573.0,1819510.0,-8816951.0,-1.92,31436681.0,6.84,-40253632.0,-8.75,-1732838.0,-0.38,10549790.0,2.29,-11106.0,1.313,1.314,1663911200.0,2184715406,2184715406,2025-12-26,2025-12-26 15:34:48+08:00
560500,500质量成长ETF,1.215,1.2138,-0.1,0.011,0.91,104007.0,12626830.0,1.207,1.219,1.206,1.204,1.08,2.62,3.42,11.95,43680.0,60327.0,3196370.0,25.31,3085177.0,24.43,111193.0,0.88,-194114.0,-1.54,-3002257.0,-23.78,30.0,1.21,1.216,396339008.0,481551895,481551895,2025-12-26,2025-12-26 16:12:00+08:00
159257,航空ETF基金,1.105,1.1093,0.39,0.01,0.91,143985.0,15912005.432,1.097,1.115,1.091,1.095,2.19,22.35,1.28,-30.05,89909.0,54076.0,-313684.0,-1.97,-982389.0,-6.17,668705.0,4.2,-58391.0,-0.37,372075.0,2.34,-445.0,1.105,1.106,64416949.0,71180729,71180729,2025-12-26,2025-12-26 15:34:51+08:00
159827,农业50ETF,0.896,0.8965,0.06,0.008,0.9,9134.0,816380.8,0.891,0.897,0.888,0.888,1.01,1.0,0.94,-60.71,6087.0,3047.0,215540.0,26.4,97160.0,11.9,118380.0,14.5,-96486.0,-11.82,-119054.0,-14.58,-20.0,0.896,0.897,91716463.0,82177951,82177951,2025-12-26,2025-12-26 15:34:54+08:00
159239,港股通汽车ETF富国,1.012,1.0022,-0.98,0.009,0.9,88290.0,8923826.8,1.003,1.016,1.002,1.003,1.4,11.57,1.62,-43.87,44958.0,43332.0,727167.0,8.15,0.0,0.0,727167.0,8.15,-806337.0,-9.04,79170.0,0.89,1570.0,1.011,1.012,76280753.0,77196122,77196122,2025-12-26,2025-12-26 15:35:00+08:00
560300,电信50ETF,2.016,2.0141,-0.09,0.018,0.9,7359.0,1472326.0,2.005,2.017,1.986,1.998,1.55,2.55,1.57,4.68,5141.0,2218.0,363898.0,24.72,1023098.0,69.49,-659200.0,-44.77,-265327.0,-18.02,-98571.0,-6.69,-165.0,2.011,2.017,28803400.0,58067654,58067654,2025-12-26,2025-12-26 16:11:33+08:00
512570,证券ETF易方达,1.233,1.2324,-0.05,0.011,0.9,900506.0,111323814.0,1.222,1.247,1.222,1.222,2.05,4.82,2.06,-18.82,466254.0,434252.0,2114043.0,1.9,6923229.0,6.22,-4809186.0,-4.32,-209354.0,-0.19,-1904690.0,-1.71,2000.0,1.232,1.233,1868806096.0,2304237916,2304237916,2025-12-26,2025-12-26 16:11:44+08:00
563780,现金流全指ETF,1.249,1.2482,-0.06,0.011,0.89,248820.0,30955034.0,1.235,1.25,1.234,1.238,1.29,6.5,0.98,-31.43,119726.0,129094.0,4155236.0,13.42,9080513.0,29.33,-4925277.0,-15.91,-3658230.0,-11.82,-497006.0,-1.61,600.0,1.248,1.249,383027104.0,478400853,478400853,2025-12-26,2025-12-26 16:11:32+08:00
561080,自由现金流ETF中证全指,1.255,1.2552,0.02,0.011,0.88,38822.0,4858994.0,1.248,1.256,1.248,1.244,0.64,12.83,1.26,32.81,24030.0,14792.0,733012.0,15.09,680293.0,14.0,52719.0,1.08,-777334.0,-16.0,44321.0,0.91,-100.0,1.253,1.26,30250000.0,37963750,37963750,2025-12-26,2025-12-26 16:12:01+08:00
563990,800现金流ETF,1.255,1.2546,-0.03,0.011,0.88,112534.0,14082649.0,1.247,1.257,1.246,1.244,0.88,2.21,1.18,-30.33,33564.0,78970.0,3726131.0,26.46,4313960.0,30.63,-587829.0,-4.17,-5039941.0,-35.79,1313809.0,9.33,1.0,1.254,1.255,508573008.0,638259125,638259125,2025-12-26,2025-12-26 16:12:01+08:00
518890,中银上海金ETF,9.669,9.6418,-0.28,0.084,0.88,31821.0,30756019.0,9.693,9.693,9.639,9.585,0.56,1.03,1.0,-54.84,15417.0,16404.0,427936.0,1.39,-183787.0,-0.6,611723.0,1.99,-58868.0,-0.19,-369068.0,-1.2,-62.0,9.663,9.671,308354800.0,2981482561,2981482561,2025-12-26,2025-12-26 16:12:00+08:00
562570,信创ETF,1.368,1.369,0.07,0.012,0.88,125270.0,17129204.0,1.355,1.376,1.353,1.356,1.7,4.05,1.24,0.86,58841.0,66429.0,1827069.0,10.67,149446.0,0.87,1677623.0,9.79,-1068685.0,-6.24,-758385.0,-4.43,10.0,1.367,1.368,309281008.0,423096419,423096419,2025-12-26,2025-12-26 16:11:54+08:00
159225,现金流ETF基金,1.267,1.2669,-0.01,0.011,0.88,93465.0,11832553.4,1.259,1.271,1.259,1.256,0.96,4.05,2.49,-46.89,62581.0,30884.0,-6484952.0,-54.81,-4880968.0,-41.25,-1603984.0,-13.56,2699992.0,22.82,3784960.0,31.99,2.0,1.264,1.269,230744804.0,292353667,292353667,2025-12-26,2025-12-26 15:34:54+08:00
561790,央企现代能源ETF,1.256,1.2563,0.02,0.011,0.88,11839.0,1477273.0,1.245,1.258,1.243,1.245,1.2,2.52,0.76,-82.59,6941.0,4898.0,-78264.0,-5.3,0.0,0.0,-78264.0,-5.3,120754.0,8.17,-42490.0,-2.88,20.0,1.251,1.256,46934000.0,58949104,58949104,2025-12-26,2025-12-26 16:11:59+08:00
518880,黄金ETF,9.65,9.6247,-0.26,0.084,0.88,4898253.0,4726243848.0,9.67,9.68,9.618,9.566,0.65,4.83,0.78,25.53,2493763.0,2404491.0,-70813616.0,-1.5,105220208.0,2.23,-176033824.0,-3.72,80147424.0,1.7,-9333824.0,-0.2,-1465.0,9.65,9.651,10148140800.0,97929558720,97929558720,2025-12-26,2025-12-26 16:11:45+08:00
159232,自由现金流ETF南方,1.26,1.2585,-0.12,0.011,0.88,1304454.0,163981369.182,1.25,1.261,1.248,1.249,1.04,9.8,1.42,68.4,738683.0,565771.0,-42936481.0,-26.18,-40899839.0,-24.94,-2036642.0,-1.24,41522874.0,25.32,1413606.0,0.86,-26908.0,1.26,1.261,1330948560.0,1676995186,1676995186,2025-12-26,2025-12-26 15:34:36+08:00
560190,公用事业ETF,1.032,1.0289,-0.3,0.009,0.88,8381.0,860207.0,1.022,1.032,1.022,1.023,0.98,3.12,0.77,1.6,5491.0,2890.0,133279.0,15.49,0.0,0.0,133279.0,15.49,57236.0,6.65,-190514.0,-22.15,2.0,1.027,1.032,26834000.0,27692688,27692688,2025-12-26,2025-12-26 16:11:59+08:00
159985,豆粕ETF,1.974,1.9265,-2.47,0.017,0.87,923343.0,181696926.7,1.962,1.976,1.96,1.957,0.82,6.76,2.23,-11.52,552622.0,370721.0,33825007.0,18.62,12075390.0,6.65,21749617.0,11.97,-12454749.0,-6.85,-21370259.0,-11.76,4438.0,1.973,1.974,1365124064.0,2694754902,2694754902,2025-12-26,2025-12-26 15:34:36+08:00
516780,稀土ETF,1.749,1.7513,0.13,0.015,0.87,700935.0,122265555.0,1.744,1.757,1.729,1.734,1.61,4.32,1.06,-25.5,338626.0,362309.0,22913720.0,18.74,23825745.0,19.49,-912025.0,-0.75,-10947462.0,-8.95,-11966259.0,-9.79,-2.0,1.749,1.75,1622549808.0,2837839614,2837839614,2025-12-26,2025-12-26 16:11:48+08:00
518800,黄金基金ETF,9.534,9.5079,-0.27,0.082,0.87,302504.0,288315037.0,9.55,9.554,9.499,9.452,0.58,0.95,0.55,-16.89,148255.0,154249.0,3954478.0,1.37,16354792.0,5.67,-12400314.0,-4.3,-1497681.0,-0.52,-2456798.0,-0.85,43.0,9.533,9.534,3169319904.0,30216295965,30216295965,2025-12-26,2025-12-26 16:11:39+08:00
510590,中证500ETF平安,7.908,7.9183,0.13,0.068,0.87,1491.0,1179021.0,7.9,7.928,7.888,7.84,0.51,0.11,1.26,-11.3,187.0,1304.0,138575.0,11.75,0.0,0.0,138575.0,11.75,0.0,0.0,-138575.0,-11.75,19.0,7.903,7.94,133986100.0,1059562079,1059562079,2025-12-26,2025-12-26 16:11:39+08:00
563600,A500增强ETF易方达,1.045,1.0446,-0.04,0.009,0.87,37671.0,3929074.0,1.037,1.046,1.037,1.036,0.87,5.93,1.49,-66.05,24547.0,13124.0,801783.0,20.41,1114906.0,28.38,-313123.0,-7.97,-656178.0,-16.7,-145606.0,-3.71,423.0,1.043,1.045,63483000.0,66339735,66339735,2025-12-26,2025-12-26 16:11:33+08:00
563900,沪深300自由现金流ETF摩根,1.167,1.1677,0.06,0.01,0.86,83428.0,9719778.0,1.159,1.169,1.159,1.157,0.86,2.09,0.85,-12.81,51885.0,31543.0,71418.0,0.73,583.0,0.01,70835.0,0.73,-968345.0,-9.96,896927.0,9.23,8.0,1.166,1.167,398965696.0,465592967,465592967,2025-12-26,2025-12-26 16:11:56+08:00
512000,券商ETF,0.588,0.5874,-0.1,0.005,0.86,31083544.0,1830268684.0,0.583,0.594,0.582,0.583,2.06,4.53,2.18,-15.37,21071919.0,10011624.0,130199648.0,7.11,166794448.0,9.11,-36594800.0,-2.0,-91057868.0,-4.98,-39141772.0,-2.14,869.0,0.587,0.588,68667035392.0,40376216810,40376216810,2025-12-26,2025-12-26 16:11:52+08:00
159222,自由现金流ETF易方达,1.284,1.285,0.08,0.011,0.86,557817.0,71425236.817,1.274,1.286,1.273,1.273,1.02,13.93,1.25,-5.46,270493.0,287324.0,1004248.0,1.41,7024004.0,9.83,-6019756.0,-8.43,-32040.0,-0.04,-972208.0,-1.36,479.0,1.283,1.284,400370400.0,514075594,514075594,2025-12-26,2025-12-26 15:34:45+08:00
512560,军工ETF易方达,0.819,0.8227,0.45,0.007,0.86,860990.0,70438491.0,0.812,0.827,0.809,0.812,2.22,10.05,0.7,-45.52,412451.0,448539.0,8687510.0,12.33,8593426.0,12.2,94084.0,0.13,-5975302.0,-8.48,-2712206.0,-3.85,-4.0,0.82,0.821,857127008.0,701987020,701987020,2025-12-26,2025-12-26 16:11:42+08:00
516190,文娱传媒ETF,1.192,1.1929,0.08,0.01,0.85,58143.0,6912700.0,1.176,1.196,1.176,1.182,1.69,16.19,0.96,8.13,35996.0,22147.0,-34747.0,-0.5,0.0,0.0,-34747.0,-0.5,357822.0,5.18,-323076.0,-4.67,18.0,1.19,1.191,35918500.0,42814852,42814852,2025-12-26,2025-12-26 16:11:59+08:00
159812,黄金基金ETF,9.618,9.6238,0.06,0.081,0.85,12318.0,11841977.1,9.625,9.65,9.588,9.537,0.65,0.81,0.53,-18.55,6782.0,5536.0,-429859.0,-3.63,0.0,0.0,-429859.0,-3.63,220249.0,1.86,209610.0,1.77,-73.0,9.618,9.62,151213149.0,1454368067,1454368067,2025-12-26,2025-12-26 15:34:45+08:00
159619,基建ETF,1.064,1.0659,0.18,0.009,0.85,101711.0,10824374.7,1.059,1.068,1.057,1.055,1.04,6.52,1.5,-10.32,63546.0,38165.0,-89042.0,-0.82,2003771.0,18.51,-2092813.0,-19.33,-222669.0,-2.06,311711.0,2.88,-513.0,1.061,1.064,155981007.0,165963791,165963791,2025-12-26,2025-12-26 15:34:15+08:00
518860,黄金ETFAU,9.674,9.6436,-0.32,0.082,0.85,47210.0,45648504.0,9.694,9.694,9.64,9.592,0.56,1.26,0.83,-36.42,21903.0,25307.0,-226594.0,-0.5,1807451.0,3.96,-2034045.0,-4.46,56197.0,0.12,170396.0,0.37,328.0,9.667,9.675,374259808.0,3620589383,3620589383,2025-12-26,2025-12-26 16:11:41+08:00
159715,稀土ETF易方达,1.193,1.1944,0.12,0.01,0.85,905877.0,107658184.5,1.19,1.198,1.179,1.183,1.61,17.49,1.69,-42.83,525068.0,380809.0,3960868.0,3.68,-11289826.0,-10.49,15250694.0,14.17,-1510393.0,-1.4,-2450475.0,-2.28,1144.0,1.192,1.193,518030272.0,618010114,618010114,2025-12-26,2025-12-26 15:34:12+08:00
159825,农业ETF,0.832,0.8314,-0.07,0.007,0.85,1105535.0,91583082.2,0.824,0.832,0.823,0.825,1.09,3.91,1.16,-75.62,455613.0,649922.0,8412404.0,9.19,44372957.0,48.45,-35960553.0,-39.27,-7065153.0,-7.71,-1347251.0,-1.47,4360.0,0.831,0.832,2824077408.0,2349632403,2349632403,2025-12-26,2025-12-26 15:34:51+08:00
159663,机床ETF,1.55,1.5518,0.12,0.013,0.85,126742.0,19582241.6,1.54,1.556,1.529,1.537,1.76,17.01,1.09,10.66,71716.0,55026.0,-287714.0,-1.47,-851682.0,-4.35,563968.0,2.88,696077.0,3.55,-408363.0,-2.09,-31.0,1.55,1.552,74517585.0,115502257,115502257,2025-12-26,2025-12-26 15:34:39+08:00
513860,港股通科技ETF,0.723,0.7196,-0.47,0.006,0.84,1072679.0,77318801.0,0.717,0.724,0.717,0.717,0.98,1.69,0.34,50.57,634740.0,437939.0,2122119.0,2.74,4617469.0,5.97,-2495350.0,-3.23,-2725516.0,-3.53,603396.0,0.78,62.0,0.722,0.723,6356470528.0,4595728192,4595728192,2025-12-26,2025-12-26 16:11:43+08:00
518680,金ETF,10.081,10.0532,-0.28,0.084,0.84,244423.0,246355924.0,10.126,10.126,10.048,9.997,0.78,4.15,0.97,-43.84,115233.0,129190.0,-5423995.0,-2.2,8100391.0,3.29,-13524386.0,-5.49,5392368.0,2.19,31627.0,0.01,-171.0,10.083,10.084,589569504.0,5943450170,5943450170,2025-12-26,2025-12-26 16:11:34+08:00
159221,现金流ETF嘉实,1.22,1.22,0.0,0.01,0.83,216749.0,26358369.057,1.208,1.221,1.208,1.21,1.07,2.94,1.45,-75.33,132834.0,83915.0,1850015.0,7.02,4259200.0,16.16,-2409185.0,-9.14,-1655062.0,-6.28,-194952.0,-0.74,129.0,1.219,1.22,738013232.0,900376143,900376143,2025-12-26,2025-12-26 15:34:33+08:00
159229,自由现金流ETF广发,1.222,1.225,0.24,0.01,0.83,96595.0,11793184.8,1.216,1.225,1.215,1.212,0.83,20.31,1.23,-43.54,47511.0,49084.0,476281.0,4.04,570520.0,4.84,-94239.0,-0.8,-422683.0,-3.58,-53598.0,-0.45,-999.0,1.222,1.224,47556022.0,58113459,58113459,2025-12-26,2025-12-26 15:35:03+08:00
513560,香港科技ETF,1.339,1.3266,-0.93,0.011,0.83,257924.0,34438073.0,1.326,1.343,1.326,1.328,1.28,3.73,0.52,-61.58,136830.0,121094.0,7171959.0,20.83,6506517.0,18.89,665442.0,1.93,-4767288.0,-13.84,-2404673.0,-6.98,10.0,1.338,1.339,692386000.0,927104854,927104854,2025-12-26,2025-12-26 16:11:51+08:00
159208,航天航空ETF,1.341,1.3408,-0.01,0.011,0.83,328409.0,43882378.27,1.333,1.35,1.318,1.33,2.41,25.97,1.11,43.0,155943.0,172466.0,-4232832.0,-9.65,-3717045.0,-8.47,-515787.0,-1.18,1313397.0,2.99,2919434.0,6.65,-1235.0,1.341,1.342,126462783.0,169586592,169586592,2025-12-26,2025-12-26 15:34:42+08:00
518660,黄金ETF基金,9.653,9.63,-0.24,0.079,0.83,271996.0,262543889.0,9.675,9.691,9.622,9.574,0.72,3.89,0.73,24.77,129057.0,142939.0,-1954775.0,-0.74,12477304.0,4.75,-14432079.0,-5.5,-234940.0,-0.09,2189715.0,0.83,-125.0,9.652,9.655,699152704.0,6748921052,6748921052,2025-12-26,2025-12-26 16:11:37+08:00
159361,A500ETF易方达,1.223,1.221,-0.16,0.01,0.82,59843640.0,7299854038.21,1.215,1.225,1.212,1.213,1.07,21.1,0.92,-30.2,31102252.0,28741388.0,-27017168.0,-0.37,37925632.0,0.52,-64942800.0,-0.89,23944751.0,0.33,3072443.0,0.04,-49280.0,1.223,1.224,28364090368.0,34689282520,34689282520,2025-12-26,2025-12-26 15:34:54+08:00
159937,黄金ETF基金,9.629,9.6392,0.11,0.078,0.82,940542.0,905511604.8,9.654,9.655,9.596,9.551,0.62,2.15,0.62,0.33,478523.0,462019.0,-24370623.0,-2.69,-4240431.0,-0.47,-20130192.0,-2.22,15163152.0,1.67,9207470.0,1.02,-3048.0,9.629,9.63,4384322048.0,42216637000,42216637000,2025-12-26,2025-12-26 15:34:51+08:00
518600,上海金ETF,10.059,10.0297,-0.29,0.082,0.82,140461.0,141253593.0,10.081,10.09,10.027,9.977,0.63,2.87,0.81,-69.32,65429.0,75032.0,4351308.0,3.08,10309196.0,7.3,-5957888.0,-4.22,-4628683.0,-3.28,277374.0,0.2,-30.0,10.059,10.062,488716304.0,4915997302,4915997302,2025-12-26,2025-12-26 16:11:48+08:00
159236,自由现金流ETF工银,1.238,1.2393,0.1,0.01,0.81,96386.0,11915476.0,1.231,1.239,1.231,1.228,0.65,17.3,1.44,-77.55,47126.0,49260.0,357174.0,3.0,686741.0,5.76,-329567.0,-2.77,-186187.0,-1.56,-170989.0,-1.44,10.0,1.233,1.238,55722161.0,68984035,68984035,2025-12-26,2025-12-26 15:34:06+08:00
159934,黄金ETF,10.077,10.0874,0.1,0.081,0.81,1126215.0,1134925665.428,10.096,10.1,10.041,9.996,0.59,3.09,0.71,51.46,559168.0,567047.0,20979600.0,1.85,26227312.0,2.31,-5247712.0,-0.46,-20830432.0,-1.84,-149169.0,-0.01,-7279.0,10.077,10.078,3646808992.0,36748894212,36748894212,2025-12-26,2025-12-26 15:34:57+08:00
159834,金ETF,10.062,10.0722,0.1,0.081,0.81,71796.0,72237025.026,10.072,10.092,10.034,9.981,0.58,5.05,0.63,20.5,34145.0,37651.0,1655425.0,2.29,2284425.0,3.16,-629000.0,-0.87,-1152815.0,-1.6,-502610.0,-0.7,-200.0,10.062,10.065,142061376.0,1429421565,1429421565,2025-12-26,2025-12-26 15:34:54+08:00
159276,现金流ETF汇添富,1.133,1.135,0.18,0.009,0.8,44105.0,4990055.05,1.124,1.136,1.124,1.124,1.07,2.05,1.84,-40.75,25129.0,18976.0,195530.0,3.92,1707770.0,34.22,-1512240.0,-30.31,-122070.0,-2.45,-73460.0,-1.47,-2.0,1.133,1.134,214696658.0,243251314,243251314,2025-12-26,2025-12-26 15:34:06+08:00
513310,中韩半导体ETF,2.532,2.488,-1.77,0.02,0.8,6773021.0,1716502802.0,2.525,2.546,2.521,2.512,1.0,47.32,0.67,-48.94,3446064.0,3326956.0,42809527.0,2.49,77125575.0,4.49,-34316048.0,-2.0,-30781344.0,-1.79,-12028177.0,-0.7,848.0,2.531,2.532,1431427008.0,3624373184,3624373184,2025-12-26,2025-12-26 16:11:55+08:00
530880,红利ETF国企,1.014,1.0131,-0.09,0.008,0.8,27440.0,2771601.0,1.01,1.014,1.006,1.006,0.8,5.1,2.2,59.96,13741.0,13699.0,-62958.0,-2.27,37388.0,1.35,-100346.0,-3.62,306551.0,11.06,-243594.0,-8.79,100.0,1.013,1.014,53836000.0,54589704,54589704,2025-12-26,2025-12-26 16:11:38+08:00
513010,恒生科技ETF易方达,0.756,0.7484,-1.02,0.006,0.8,3901606.0,293863894.0,0.75,0.756,0.749,0.75,0.93,1.11,0.6,4.68,2530391.0,1371215.0,9523563.0,3.24,18994155.0,6.46,-9470592.0,-3.22,-11910422.0,-4.05,2386859.0,0.81,10.0,0.755,0.756,35121307136.0,26551708195,26551708195,2025-12-26,2025-12-26 16:11:38+08:00
159119,800现金流ETF,1.013,1.0146,0.16,0.008,0.8,129255.0,13070712.861,1.005,1.014,1.005,1.005,0.9,7.06,3.01,-95.6,75550.0,53704.0,2504258.0,19.16,4204441.0,32.17,-1700183.0,-13.01,-1996866.0,-15.28,-507393.0,-3.88,73.0,1.012,1.013,183054229.0,185433934,185433934,2025-12-26,2025-12-26 15:34:27+08:00
159707,地产ETF,0.628,0.6279,-0.02,0.005,0.8,373002.0,23402282.2,0.621,0.633,0.62,0.623,2.09,6.78,0.67,-0.62,224068.0,148934.0,1609570.0,6.88,454723.0,1.94,1154847.0,4.93,-1010784.0,-4.32,-598786.0,-2.56,2361.0,0.627,0.628,550548208.0,345744275,345744275,2025-12-26,2025-12-26 15:34:09+08:00
512620,农业ETF天弘,1.007,1.0084,0.14,0.008,0.8,82518.0,8300460.0,1.002,1.008,1.0,0.999,0.8,1.92,0.39,-78.1,33523.0,48995.0,1775557.0,21.39,4570657.0,55.07,-2795100.0,-33.67,-1525757.0,-18.38,-249801.0,-3.01,-178.0,1.005,1.007,428666000.0,431666662,431666662,2025-12-26,2025-12-26 16:11:35+08:00
562920,信息安全ETF,1.022,1.0221,0.01,0.008,0.79,85894.0,8770261.0,1.014,1.029,1.014,1.014,1.48,11.76,1.29,13.45,39034.0,46860.0,776570.0,8.85,2203322.0,25.12,-1426752.0,-16.27,-715360.0,-8.16,-61212.0,-0.7,19.0,1.021,1.022,73069000.0,74676518,74676518,2025-12-26,2025-12-26 16:11:50+08:00
159305,储能电池ETF广发,1.919,1.9217,0.14,0.015,0.79,108142.0,20806860.5,1.915,1.95,1.906,1.904,2.31,8.56,1.04,-84.95,61068.0,47074.0,-969846.0,-4.66,0.0,0.0,-969846.0,-4.66,479258.0,2.3,490588.0,2.36,336.0,1.918,1.919,126320151.0,242408370,242408370,2025-12-26,2025-12-26 15:34:27+08:00
518850,黄金ETF华夏,9.718,9.6914,-0.27,0.076,0.79,593432.0,576558027.0,9.74,9.741,9.686,9.642,0.57,4.96,0.92,6.99,289774.0,303658.0,-19245369.0,-3.34,17604198.0,3.05,-36849567.0,-6.39,13832546.0,2.4,5412819.0,0.94,68.0,9.717,9.718,1195878704.0,11621549245,11621549245,2025-12-26,2025-12-26 16:11:47+08:00
159830,上海金ETF,10.061,10.0644,0.03,0.079,0.79,63803.0,64145957.3,10.07,10.09,10.025,9.982,0.65,2.55,0.91,-44.35,24779.0,39024.0,3385064.0,5.28,9552354.0,14.89,-6167290.0,-9.61,-3148517.0,-4.91,-236547.0,-0.37,-129.0,10.061,10.062,250114066.0,2516397618,2516397618,2025-12-26,2025-12-26 15:34:57+08:00
516550,农业ETF,0.77,0.7697,-0.04,0.006,0.79,152992.0,11731631.0,0.766,0.77,0.763,0.764,0.92,7.31,1.15,-43.49,41194.0,111798.0,456526.0,3.89,-882198.0,-7.52,1338724.0,11.41,-259855.0,-2.21,-196670.0,-1.68,1.0,0.768,0.769,209414400.0,161249088,161249088,2025-12-26,2025-12-26 16:11:53+08:00
560690,电信ETF基金,1.937,1.9359,-0.06,0.015,0.78,4855.0,934025.0,1.925,1.94,1.909,1.922,1.61,2.38,0.59,-12.97,2409.0,2446.0,265064.0,28.38,85952.0,9.2,179112.0,19.18,-91568.0,-9.8,-173497.0,-18.58,-29.0,1.931,1.937,20389000.0,39493493,39493493,2025-12-26,2025-12-26 16:11:37+08:00
562030,信创ETF基金,0.521,0.5217,0.13,0.004,0.77,40541.0,2112530.0,0.517,0.525,0.516,0.517,1.74,2.52,0.66,-55.8,20168.0,20373.0,-3630.0,-0.17,28085.0,1.33,-31715.0,-1.5,-212160.0,-10.04,215790.0,10.21,-1581.0,0.521,0.522,160973900.0,83867402,83867402,2025-12-26,2025-12-26 16:11:43+08:00
159751,港股科技ETF,1.043,1.0358,-0.7,0.008,0.77,317902.0,33065720.3,1.035,1.044,1.034,1.035,0.97,2.55,0.56,6.38,209844.0,108058.0,3114496.0,9.42,5854331.0,17.71,-2739835.0,-8.29,-2332249.0,-7.05,-782246.0,-2.37,6056.0,1.042,1.043,1247629632.0,1301277706,1301277706,2025-12-26,2025-12-26 15:34:18+08:00
561350,国泰中证500ETF,1.177,1.1772,0.02,0.009,0.77,289452.0,34048855.0,1.167,1.183,1.167,1.168,1.37,27.91,1.29,-44.39,145315.0,144137.0,-463763.0,-1.36,-4142522.0,-12.17,3678759.0,10.8,232453.0,0.68,231309.0,0.68,50.0,1.176,1.177,103700000.0,122054900,122054900,2025-12-26,2025-12-26 16:11:46+08:00
510580,中证500ETF易方达,3.847,3.8471,0.0,0.029,0.76,291922.0,112190615.0,3.828,3.861,3.817,3.818,1.15,3.84,2.38,7.85,160166.0,131756.0,-442779.0,-0.39,-1645941.0,-1.47,1203162.0,1.07,286500.0,0.26,156279.0,0.14,-63.0,3.847,3.848,760568304.0,2925906265,2925906265,2025-12-26,2025-12-26 16:11:39+08:00
516980,证券ETF先锋,1.212,1.2114,-0.05,0.009,0.75,20240.0,2458604.0,1.195,1.222,1.195,1.203,2.24,4.71,1.78,-41.3,13509.0,6731.0,669480.0,27.23,55039.0,2.24,614441.0,24.99,-407760.0,-16.59,-261722.0,-10.65,12.0,1.212,1.213,43016000.0,52135392,52135392,2025-12-26,2025-12-26 16:11:42+08:00
159201,自由现金流ETF,1.209,1.2107,0.14,0.009,0.75,3507564.0,423380511.8,1.199,1.212,1.198,1.2,1.17,5.06,1.18,-44.55,1579623.0,1927941.0,21974910.0,5.19,43783199.0,10.34,-21808289.0,-5.15,-15656359.0,-3.7,-6318551.0,-1.49,7100.0,1.208,1.209,6934275840.0,8383539491,8383539491,2025-12-26,2025-12-26 15:34:48+08:00
159763,新材料ETF基金,0.672,0.6732,0.18,0.005,0.75,113347.0,7606173.3,0.667,0.676,0.667,0.667,1.35,9.8,1.53,-7.89,52978.0,60369.0,-147505.0,-1.94,-932444.0,-12.26,784939.0,10.32,260802.0,3.43,-113297.0,-1.49,130.0,0.67,0.672,115707747.0,77755606,77755606,2025-12-26,2025-12-26 15:34:30+08:00
520550,港股红利低波ETF,1.217,1.205,-1.0,0.009,0.75,282242.0,34230901.0,1.209,1.217,1.208,1.208,0.75,2.59,0.99,13.39,194762.0,87480.0,115310.0,0.34,-186594.0,-0.55,301904.0,0.88,95510.0,0.28,-210821.0,-0.62,8.0,1.216,1.217,1091024000.0,1327776208,1327776208,2025-12-26,2025-12-26 16:11:55+08:00
159943,深证成指ETF,1.482,1.4828,0.05,0.011,0.75,128177.0,18987767.491,1.468,1.49,1.468,1.471,1.5,9.34,1.37,-9.15,65698.0,62480.0,2074991.0,10.93,2190417.0,11.54,-115426.0,-0.61,-513137.0,-2.7,-1561854.0,-8.23,861.0,1.481,1.482,137229922.0,203374744,203374744,2025-12-26,2025-12-26 15:34:57+08:00
512130,全指现金流ETF鹏华,1.223,1.2253,0.19,0.009,0.74,15249.0,1864650.0,1.217,1.224,1.216,1.214,0.66,8.07,3.3,-19.15,12192.0,3057.0,271084.0,14.54,1223214.0,65.6,-952130.0,-51.06,-170369.0,-9.14,-100715.0,-5.4,-368.0,1.22,1.223,18895000.0,23108585,23108585,2025-12-26,2025-12-26 16:11:53+08:00
159588,石油天然气ETF,1.094,1.0949,0.08,0.008,0.74,65985.0,7210374.7,1.088,1.099,1.086,1.086,1.2,7.07,1.09,-1.09,32281.0,33704.0,563137.0,7.81,0.0,0.0,563137.0,7.81,110389.0,1.53,-673526.0,-9.34,-84.0,1.094,1.098,93284857.0,102053634,102053634,2025-12-26,2025-12-26 15:34:12+08:00
159773,创业板科技ETF,1.219,1.2189,-0.01,0.009,0.74,75377.0,9187514.0,1.21,1.23,1.207,1.21,1.9,4.77,1.5,-4.99,32591.0,42786.0,1818099.0,19.79,3323197.0,36.17,-1505098.0,-16.38,-1404988.0,-15.29,-413111.0,-4.5,-5.0,1.219,1.22,157903120.0,192483903,192483903,2025-12-26,2025-12-26 15:34:21+08:00
563680,800自由现金流ETF,1.236,1.2384,0.19,0.009,0.73,81193.0,10028913.0,1.231,1.239,1.229,1.227,0.81,3.01,1.36,-18.74,33725.0,47468.0,3931245.0,39.2,4359215.0,43.47,-427970.0,-4.27,-3891028.0,-38.8,-40218.0,-0.4,-10.0,1.236,1.238,269959008.0,333669334,333669334,2025-12-26,2025-12-26 16:11:40+08:00
159523,沪深300成长ETF,1.25,1.2519,0.15,0.009,0.73,19278.0,2412123.5,1.244,1.257,1.243,1.241,1.13,3.47,0.77,-49.99,10474.0,8804.0,283740.0,11.76,-348500.0,-14.45,632240.0,26.21,-140671.0,-5.83,-143068.0,-5.93,2.0,1.248,1.25,55517348.0,69396685,69396685,2025-12-26,2025-12-26 15:34:39+08:00
159263,价值ETF,1.098,1.0964,-0.15,0.008,0.73,513384.0,56116954.891,1.089,1.098,1.088,1.09,0.92,4.8,1.17,-28.17,251202.0,262182.0,-6498130.0,-11.58,-7643428.0,-13.62,1145298.0,2.04,4008158.0,7.14,2489972.0,4.44,83.0,1.096,1.098,1070105120.0,1174975422,1174975422,2025-12-26,2025-12-26 15:34:21+08:00
513820,XD港股红利ETF基金,1.245,1.2192,-2.12,0.009,0.73,1001778.0,124098645.0,1.238,1.246,1.233,1.236,1.05,2.82,1.16,-29.84,622230.0,379548.0,2616829.0,2.11,-16666689.0,-13.43,19283518.0,15.54,-3648316.0,-2.94,1031486.0,0.83,9.0,1.244,1.245,3549669008.0,4419337915,4419337915,2025-12-26,2025-12-26 16:11:40+08:00
560850,信创50ETF,1.38,1.3816,0.12,0.01,0.73,63353.0,8761269.0,1.372,1.39,1.366,1.37,1.75,5.41,1.6,-22.31,33189.0,30164.0,-94748.0,-1.08,-553169.0,-6.31,458421.0,5.23,-168280.0,-1.92,263028.0,3.0,-60.0,1.38,1.381,117164000.0,161686320,161686320,2025-12-26,2025-12-26 16:11:49+08:00
515850,证券ETF富国,1.516,1.5167,0.05,0.011,0.73,202122.0,30676614.0,1.504,1.532,1.502,1.505,1.99,7.86,1.05,-48.85,98527.0,103595.0,3899927.0,12.71,6348172.0,20.69,-2448245.0,-7.98,-2321957.0,-7.57,-1577970.0,-5.14,1400.0,1.515,1.516,257291000.0,390053156,390053156,2025-12-26,2025-12-26 16:11:45+08:00
563390,现金流ETF全指,1.264,1.2651,0.09,0.009,0.72,291280.0,36737190.0,1.258,1.266,1.254,1.255,0.96,5.37,1.48,-37.52,137582.0,153698.0,2138077.0,5.82,7723291.0,21.02,-5585214.0,-15.2,-1549910.0,-4.22,-588168.0,-1.6,-88.0,1.265,1.266,542844000.0,686154816,686154816,2025-12-26,2025-12-26 16:11:51+08:00
561560,电力ETF,1.259,1.2554,-0.29,0.009,0.72,271936.0,34069275.0,1.25,1.259,1.247,1.25,0.96,4.75,1.08,20.52,134267.0,137669.0,943681.0,2.77,437246.0,1.28,506435.0,1.49,-715152.0,-2.1,-228529.0,-0.67,10.0,1.258,1.259,572124208.0,720304378,720304378,2025-12-26,2025-12-26 16:11:39+08:00
159982,中证500ETF鹏华,1.952,1.9534,0.07,0.014,0.72,52799.0,10292504.1,1.933,1.96,1.933,1.938,1.39,3.42,1.36,-63.46,25900.0,26899.0,226238.0,2.2,0.0,0.0,226238.0,2.2,1055939.0,10.26,-1282176.0,-12.46,137.0,1.948,1.952,154211253.0,301020366,301020366,2025-12-26,2025-12-26 15:34:39+08:00
562580,可选消费ETF,1.26,1.2616,0.13,0.009,0.72,20606.0,2592390.0,1.247,1.266,1.247,1.251,1.52,6.5,1.03,-7.18,13157.0,7449.0,-247056.0,-9.53,0.0,0.0,-247056.0,-9.53,345184.0,13.32,-98127.0,-3.79,-384.0,1.258,1.26,31723300.0,39971358,39971358,2025-12-26,2025-12-26 16:11:46+08:00
563660,A500ETF银河,1.252,1.2512,-0.06,0.009,0.72,25698.0,3207537.0,1.245,1.255,1.244,1.243,0.88,1.95,0.56,-7.17,10118.0,15580.0,-83241.0,-2.6,159990.0,4.99,-243231.0,-7.58,101426.0,3.16,-18185.0,-0.57,877.0,1.246,1.253,132085200.0,165370670,165370670,2025-12-26,2025-12-26 16:11:48+08:00
159337,中证500ETF东财,1.669,1.6711,0.13,0.012,0.72,73794.0,12290972.91,1.657,1.675,1.654,1.657,1.27,2.07,1.17,-6.36,42442.0,31352.0,1643409.0,13.37,202245.0,1.65,1441164.0,11.73,-1320325.0,-10.74,-323083.0,-2.63,160.0,1.668,1.669,355710608.0,593681005,593681005,2025-12-26,2025-12-26 15:34:30+08:00
159910,基本面120ETF,2.391,2.3937,0.11,0.017,0.72,8817.0,2110341.0,2.388,2.398,2.384,2.374,0.59,0.77,0.89,4.77,2708.0,6109.0,-898622.0,-42.58,0.0,0.0,-898622.0,-42.58,964808.0,45.72,-66186.0,-3.14,-10.0,2.381,2.401,113906143.0,272349588,272349588,2025-12-26,2025-12-26 15:34:15+08:00
159251,港股科技ETF基金,0.975,0.9668,-0.85,0.007,0.72,59246.0,5750790.4,0.969,0.975,0.966,0.968,0.93,2.44,0.78,19.73,43325.0,15921.0,642302.0,11.17,971000.0,16.88,-328698.0,-5.72,-700637.0,-12.18,58335.0,1.01,389.0,0.974,0.975,242787744.0,236718050,236718050,2025-12-26,2025-12-26 15:35:03+08:00
516810,农业50ETF,0.847,0.8489,0.22,0.006,0.71,220274.0,18645416.0,0.84,0.849,0.84,0.841,1.07,7.66,0.47,-9.14,108766.0,111508.0,426182.0,2.29,2407127.0,12.91,-1980945.0,-10.62,-371818.0,-1.99,-54364.0,-0.29,168.0,0.846,0.847,287478896.0,243494625,243494625,2025-12-26,2025-12-26 16:11:49+08:00
159358,中证A500ETF基金,1.276,1.2762,0.02,0.009,0.71,677400.0,86319836.156,1.27,1.281,1.267,1.267,1.1,3.93,0.85,-3.01,366505.0,310895.0,-436532.0,-0.51,-911162.0,-1.06,474630.0,0.55,541364.0,0.63,-104834.0,-0.12,16.0,1.275,1.276,1724106416.0,2199959787,2199959787,2025-12-26,2025-12-26 15:34:36+08:00
512650,长三角ETF,1.28,1.2787,-0.1,0.009,0.71,19608.0,2509592.0,1.273,1.285,1.273,1.271,0.94,5.31,2.45,32.47,10114.0,9494.0,211996.0,8.45,0.0,0.0,211996.0,8.45,-209703.0,-8.36,-2293.0,-0.09,10.0,1.277,1.28,36941600.0,47285248,47285248,2025-12-26,2025-12-26 16:11:44+08:00
562550,绿电ETF,1.128,1.1256,-0.21,0.008,0.71,125964.0,14151649.0,1.12,1.128,1.118,1.12,0.89,5.13,0.91,74.85,80128.0,45836.0,-1564695.0,-11.06,-618562.0,-4.37,-946133.0,-6.69,292816.0,2.07,1271879.0,8.99,-10.0,1.127,1.128,245419300.0,276832970,276832970,2025-12-26,2025-12-26 16:11:42+08:00
516890,新材料ETF指数基金,0.719,0.7206,0.22,0.005,0.7,5357.0,385396.0,0.716,0.724,0.714,0.714,1.4,1.27,0.59,15.1,2260.0,3097.0,212734.0,55.2,0.0,0.0,212734.0,55.2,-124547.0,-32.32,-88186.0,-22.88,-20.0,0.716,0.72,42311400.0,30421897,30421897,2025-12-26,2025-12-26 16:11:47+08:00
159741,恒生科技ETF嘉实,0.724,0.7205,-0.49,0.005,0.7,579830.0,41839091.1,0.719,0.724,0.718,0.719,0.83,4.76,0.67,-0.93,314244.0,265586.0,3942237.0,9.42,5823131.0,13.92,-1880894.0,-4.5,-4117777.0,-9.84,175539.0,0.42,10284.0,0.723,0.724,1217796720.0,881684825,881684825,2025-12-26,2025-12-26 15:34:27+08:00
513130,恒生科技ETF,0.724,0.7172,-0.95,0.005,0.7,20964467.0,1513541942.0,0.719,0.724,0.719,0.719,0.7,3.53,0.6,12.47,13649406.0,7315061.0,46618325.0,3.08,77881616.0,5.15,-31263291.0,-2.07,-41824990.0,-2.76,-4793337.0,-0.32,13704.0,0.723,0.724,59447346944.0,43039879187,43039879187,2025-12-26,2025-12-26 16:11:38+08:00
159968,中证500ETF博时,9.46,9.4665,0.07,0.066,0.7,9827.0,9301674.2,9.437,9.516,9.422,9.394,1.0,1.73,0.86,27.5,4615.0,5212.0,-315155.0,-3.39,0.0,0.0,-315155.0,-3.39,545813.0,5.87,-230657.0,-2.48,106.0,9.461,9.467,56895098.0,538227627,538227627,2025-12-26,2025-12-26 15:34:33+08:00
159517,800增强ETF,1.29,1.2912,0.09,0.009,0.7,46042.0,5927492.7,1.284,1.291,1.284,1.281,0.55,52.66,1.29,26.83,20008.0,26034.0,88164.0,1.49,0.0,0.0,88164.0,1.49,-85199.0,-1.44,-2966.0,-0.05,-1200.0,1.293,1.301,8742624.0,11277985,11277985,2025-12-26,2025-12-26 15:34:15+08:00
513980,港股科技50ETF,0.722,0.7188,-0.45,0.005,0.7,4683886.0,337311763.0,0.717,0.723,0.714,0.717,1.26,1.48,0.69,-17.56,2758943.0,1924943.0,-80054163.0,-23.73,-16989039.0,-5.04,-63065124.0,-18.7,39996223.0,11.86,40057939.0,11.88,113.0,0.721,0.722,31642203904.0,22845671219,22845671219,2025-12-26,2025-12-26 16:11:49+08:00
563750,中证500指数ETF,1.026,1.0271,0.11,0.007,0.69,171901.0,17612620.0,1.021,1.03,1.018,1.019,1.18,4.0,1.42,-54.39,85281.0,86620.0,1572619.0,8.93,-1100987.0,-6.25,2673606.0,15.18,-1586859.0,-9.01,14239.0,0.08,95.0,1.025,1.026,429737008.0,440910170,440910170,2025-12-26,2025-12-26 16:11:45+08:00
159842,券商ETF,1.166,1.1656,-0.03,0.008,0.69,4908419.0,573375139.8,1.158,1.178,1.156,1.158,1.9,6.03,1.7,19.58,2969256.0,1939163.0,762474.0,0.13,-88886223.0,-15.5,89648697.0,15.64,13124847.0,2.29,-13887312.0,-2.42,17627.0,1.165,1.166,8135250688.0,9485702302,9485702302,2025-12-26,2025-12-26 15:35:03+08:00
159380,A500ETF东财,1.315,1.3145,-0.04,0.009,0.69,68110.0,8940719.384,1.307,1.319,1.307,1.306,0.92,2.62,1.82,-87.92,43488.0,24622.0,-574264.0,-6.42,-603455.0,-6.75,29191.0,0.33,366884.0,4.1,207380.0,2.32,187.0,1.314,1.315,259804337.0,341642703,341642703,2025-12-26,2025-12-26 15:35:03+08:00
510710,上证50ETF博时,4.355,4.3456,-0.22,0.03,0.69,21378.0,9299400.0,4.328,4.366,4.326,4.325,0.92,1.76,3.89,39.98,5859.0,15519.0,1335653.0,14.36,-2370848.0,-25.49,3706501.0,39.86,-806426.0,-8.67,-529227.0,-5.69,-227.0,4.338,4.359,121418900.0,528779310,528779310,2025-12-26,2025-12-26 16:11:58+08:00
589520,科创人工智能ETF华宝,0.581,0.5803,-0.12,0.004,0.69,494008.0,28621902.0,0.575,0.583,0.574,0.577,1.56,5.4,1.12,-56.38,280537.0,213471.0,747109.0,2.61,2463138.0,8.61,-1716029.0,-6.0,-520085.0,-1.82,-227025.0,-0.79,10.0,0.58,0.581,915104608.0,531675777,531675777,2025-12-26,2025-12-26 16:11:52+08:00
516200,证券ETF指数基金,1.174,1.1742,0.02,0.008,0.69,92094.0,10829249.0,1.165,1.186,1.165,1.166,1.8,2.81,1.31,46.28,46618.0,45476.0,1072866.0,9.91,1142913.0,10.55,-70047.0,-0.65,-535021.0,-4.94,-537844.0,-4.97,100.0,1.173,1.178,327604000.0,384607096,384607096,2025-12-26,2025-12-26 16:11:34+08:00
560090,证券ETF龙头,1.318,1.3181,0.01,0.009,0.69,1298329.0,171424947.0,1.306,1.332,1.306,1.309,1.99,4.76,2.09,-20.04,726784.0,571545.0,24970801.0,14.57,24502227.0,14.29,468574.0,0.27,-13697501.0,-7.99,-11273299.0,-6.58,80.0,1.317,1.318,2728865008.0,3596644081,3596644081,2025-12-26,2025-12-26 16:11:34+08:00
512240,A50ETF龙头,1.167,1.1647,-0.2,0.008,0.69,992.0,115584.0,1.152,1.168,1.152,1.159,1.38,0.78,0.05,-0.42,521.0,471.0,27530.0,23.82,0.0,0.0,27530.0,23.82,0.0,0.0,-27531.0,-23.82,-140.0,1.165,1.167,12686000.0,14804562,14804562,2025-12-26,2025-12-26 16:11:47+08:00
159761,新材料50ETF,0.732,0.7313,-0.1,0.005,0.69,167288.0,12217227.4,0.727,0.736,0.726,0.727,1.38,7.22,1.21,-65.57,74338.0,92950.0,1155260.0,9.46,447482.0,3.66,707778.0,5.79,-632434.0,-5.18,-522827.0,-4.28,-3178.0,0.732,0.734,231734117.0,169629374,169629374,2025-12-26,2025-12-26 15:34:30+08:00
159209,中证红利质量ETF,1.187,1.1861,-0.08,0.008,0.68,281245.0,33308863.968,1.181,1.19,1.179,1.179,0.93,5.1,1.2,-23.23,151643.0,129602.0,-10275184.0,-30.85,-11865199.0,-35.62,1590015.0,4.77,5389306.0,16.18,4885877.0,14.67,-908.0,1.187,1.188,551635056.0,654790811,654790811,2025-12-26,2025-12-26 15:34:39+08:00
560030,800价值ETF,1.34,1.3377,-0.17,0.009,0.68,7102.0,950544.0,1.334,1.343,1.334,1.331,0.68,2.69,1.82,0.26,2681.0,4421.0,81555.0,8.58,0.0,0.0,81555.0,8.58,58162.0,6.12,-139717.0,-14.7,3.0,1.336,1.339,26432000.0,35418880,35418880,2025-12-26,2025-12-26 16:11:35+08:00
513920,港股通央企红利ETF,1.634,1.6139,-1.25,0.011,0.68,1181163.0,192925268.0,1.62,1.644,1.62,1.623,1.48,3.06,0.74,-85.47,749604.0,431559.0,-45799308.0,-23.74,-60804920.0,-31.52,15005612.0,7.78,-2451400.0,-1.27,48250707.0,25.01,-43.0,1.634,1.635,3858731008.0,6305166467,6305166467,2025-12-26,2025-12-26 16:11:41+08:00
513580,恒生科技ETF指数,0.735,0.726,-1.24,0.005,0.68,589415.0,43142531.0,0.73,0.735,0.728,0.73,0.96,0.83,0.48,6.08,384263.0,205151.0,2367403.0,5.49,4673474.0,10.83,-2306071.0,-5.35,-3166159.0,-7.34,798756.0,1.85,133.0,0.733,0.734,7118117888.0,5231816648,5231816648,2025-12-26,2025-12-26 16:11:42+08:00
561090,中证A500增强ETF,1.182,1.1849,0.24,0.008,0.68,51264.0,6055086.0,1.177,1.187,1.176,1.174,0.94,2.71,0.93,-1.04,24390.0,26874.0,719446.0,11.88,20291.0,0.34,699155.0,11.55,-456517.0,-7.54,-262930.0,-4.34,-119.0,1.181,1.183,188974000.0,223367268,223367268,2025-12-26,2025-12-26 16:11:33+08:00
159993,证券ETF龙头,1.328,1.3282,0.02,0.009,0.68,1361265.0,180933406.645,1.32,1.343,1.316,1.319,2.05,4.31,1.78,-65.28,665107.0,696158.0,30889271.0,17.07,48039523.0,26.55,-17150252.0,-9.48,-24378392.0,-13.47,-6510879.0,-3.6,4189.0,1.327,1.328,3159197984.0,4195414923,4195414923,2025-12-26,2025-12-26 15:34:18+08:00
516970,基建50ETF,1.194,1.1934,-0.05,0.008,0.67,519126.0,61965857.0,1.183,1.201,1.183,1.186,1.52,3.01,1.21,7.19,247138.0,271988.0,15569224.0,25.13,8361861.0,13.49,7207363.0,11.63,-13189457.0,-21.29,-2379767.0,-3.84,6.0,1.192,1.193,1722042496.0,2056118740,2056118740,2025-12-26,2025-12-26 16:11:59+08:00
159125,港股通科技ETF招商,0.903,0.9008,-0.24,0.006,0.67,188854.0,17033071.539,0.898,0.904,0.898,0.897,0.67,2.41,1.03,10.64,120661.0,68192.0,1334663.0,7.84,3428752.0,20.13,-2094089.0,-12.29,-1137981.0,-6.68,-196682.0,-1.15,-420.0,0.903,0.904,783245888.0,707271037,707271037,2025-12-26,2025-12-26 15:34:30+08:00
159903,深成ETF,1.65,1.6506,0.04,0.011,0.67,173948.0,28660731.1,1.638,1.658,1.636,1.639,1.34,5.61,1.14,-32.33,90531.0,83417.0,-2335007.0,-8.15,2332844.0,8.14,-4667851.0,-16.29,496366.0,1.73,1838641.0,6.42,2214.0,1.649,1.65,310154512.0,511754945,511754945,2025-12-26,2025-12-26 15:34:36+08:00
562080,300现金流ETF,0.605,0.6054,0.07,0.004,0.67,1240500.0,74984228.0,0.601,0.607,0.601,0.601,1.0,8.81,2.0,10.06,691995.0,548505.0,-83767.0,-0.11,-10696484.0,-14.26,10612717.0,14.15,-630108.0,-0.84,713875.0,0.95,-10.0,0.605,0.607,1408757200.0,852298106,852298106,2025-12-26,2025-12-26 16:11:57+08:00
159351,A500ETF嘉实,1.21,1.2095,-0.04,0.008,0.67,13088561.0,1581916876.236,1.202,1.214,1.202,1.202,1.0,15.15,1.09,-12.45,7045342.0,6043219.0,8913272.0,0.56,-56133408.0,-3.55,65046680.0,4.11,-8576726.0,-0.54,-336549.0,-0.02,476.0,1.209,1.21,8639123456.0,10453339382,10453339382,2025-12-26,2025-12-26 15:35:00+08:00
159353,中证A500ETF景顺,1.211,1.2122,0.1,0.008,0.67,3154536.0,381372535.018,1.204,1.215,1.202,1.203,1.08,6.99,1.4,8.01,1147601.0,2006935.0,14205561.0,3.72,121966319.0,31.98,-107760758.0,-28.26,-11854492.0,-3.11,-2351072.0,-0.62,-418.0,1.211,1.212,4511161856.0,5463017008,5463017008,2025-12-26,2025-12-26 15:35:03+08:00
512710,军工龙头ETF,0.75,0.7502,0.03,0.005,0.67,11438736.0,853667037.0,0.745,0.756,0.736,0.745,2.68,7.9,1.02,-43.46,5857628.0,5581109.0,164176300.0,19.23,290120736.0,33.99,-125944436.0,-14.75,-130693707.0,-15.31,-33482586.0,-3.92,218.0,0.749,0.75,14485658368.0,10864243776,10864243776,2025-12-26,2025-12-26 16:11:45+08:00
159339,A500ETF,1.207,1.2058,-0.1,0.008,0.67,927485.0,111800856.097,1.199,1.211,1.199,1.199,1.0,3.63,0.97,-23.97,600578.0,326907.0,-27004314.0,-24.15,-28030184.0,-25.07,1025870.0,0.92,25934884.0,23.2,1069431.0,0.96,631.0,1.206,1.207,2555086848.0,3083989826,3083989826,2025-12-26,2025-12-26 15:34:48+08:00
512900,证券ETF南方,1.216,1.2159,-0.01,0.008,0.66,335496.0,40886217.0,1.212,1.23,1.205,1.208,2.07,0.54,1.35,-34.68,182819.0,152677.0,8077799.0,19.76,1694189.0,4.14,6383610.0,15.61,-5726172.0,-14.01,-2351625.0,-5.75,-26.0,1.216,1.217,6200905984.0,7540301677,7540301677,2025-12-26,2025-12-26 16:11:48+08:00
563830,全指现金流ETF基金,1.223,1.2243,0.11,0.008,0.66,44671.0,5460488.0,1.219,1.225,1.219,1.215,0.49,3.58,2.25,57.23,22460.0,22211.0,12139.0,0.22,-727685.0,-13.33,739824.0,13.55,-979.0,-0.02,-11159.0,-0.2,1.0,1.222,1.223,124896000.0,152747808,152747808,2025-12-26,2025-12-26 16:11:46+08:00
560530,中证A500ETF摩根,1.214,1.2132,-0.07,0.008,0.66,2573620.0,311738166.0,1.205,1.217,1.205,1.206,1.0,6.38,1.82,42.74,838455.0,1735164.0,1384387.0,0.44,108494057.0,34.8,-107109670.0,-34.36,-905585.0,-0.29,-478802.0,-0.15,-411.0,1.214,1.215,4036623696.0,4900461167,4900461167,2025-12-26,2025-12-26 16:11:46+08:00
512880,证券ETF,1.229,1.2287,-0.02,0.008,0.66,20662641.0,2544238417.0,1.219,1.242,1.219,1.221,1.88,4.38,1.51,-7.67,11370789.0,9291853.0,306305600.0,12.04,439983552.0,17.29,-133677952.0,-5.25,-200049296.0,-7.86,-106256302.0,-4.18,3429.0,1.228,1.229,47218291456.0,58031280199,58031280199,2025-12-26,2025-12-26 16:11:48+08:00
159589,红利ETF广发,1.072,1.0716,-0.04,0.007,0.66,29160.0,3123221.1,1.066,1.073,1.066,1.065,0.66,2.93,0.91,-98.76,13869.0,15291.0,-570799.0,-18.28,-6308.0,-0.2,-564491.0,-18.07,-50850.0,-1.63,621649.0,19.9,29.0,1.071,1.072,99590005.0,106760485,106760485,2025-12-26,2025-12-26 15:34:15+08:00
159653,ESG300ETF,1.212,1.2116,-0.03,0.008,0.66,40.0,4846.5,1.215,1.215,1.205,1.204,0.83,0.01,0.17,-98.7,17.0,23.0,3393.0,70.01,0.0,0.0,3393.0,70.01,0.0,0.0,-3393.0,-70.01,5.0,1.2,1.212,52972068.0,64202146,64202146,2025-12-26,2025-12-26 15:34:24+08:00
159352,A500ETF南方,1.247,1.2469,-0.01,0.008,0.65,85614957.0,10670348195.759,1.239,1.252,1.239,1.239,1.05,23.18,1.07,57.93,46547351.0,39067606.0,9832352.0,0.09,-91399936.0,-0.86,101232288.0,0.95,-33941519.0,-0.32,24109315.0,0.23,59314.0,1.246,1.247,36930101760.0,46051836895,46051836895,2025-12-26,2025-12-26 15:34:51+08:00
563770,全指现金流ETF,1.239,1.24,0.08,0.008,0.65,76366.0,9453902.0,1.227,1.241,1.227,1.231,1.14,21.94,1.37,5.45,39595.0,36771.0,373561.0,3.95,1541693.0,16.31,-1168132.0,-12.36,-301636.0,-3.19,-71925.0,-0.76,2500.0,1.238,1.239,34807000.0,43125873,43125873,2025-12-26,2025-12-26 16:11:52+08:00
561870,自由现金流ETF全指,1.241,1.2452,0.34,0.008,0.65,46361.0,5758919.0,1.236,1.245,1.236,1.233,0.73,2.78,1.63,-68.55,17026.0,29335.0,1728640.0,30.02,1432319.0,24.87,296321.0,5.15,-1484708.0,-25.78,-243931.0,-4.24,14.0,1.239,1.241,166765000.0,206955365,206955365,2025-12-26,2025-12-26 16:11:43+08:00
563500,A500ETF华宝,0.624,0.6242,0.03,0.004,0.65,465912.0,29034595.0,0.622,0.625,0.619,0.62,0.97,4.5,1.56,8.31,345865.0,120047.0,-623951.0,-2.15,-876347.0,-3.02,252396.0,0.87,636505.0,2.19,-12553.0,-0.04,-997.0,0.623,0.625,1035958704.0,646438231,646438231,2025-12-26,2025-12-26 16:11:32+08:00
512510,中证500ETF华泰柏瑞,2.173,2.1747,0.08,0.014,0.65,85224.0,18526655.0,2.159,2.183,2.159,2.159,1.11,1.93,1.01,53.89,28482.0,56742.0,3537658.0,19.09,586614.0,3.17,2951044.0,15.93,-2121027.0,-11.45,-1416631.0,-7.65,-12.0,2.173,2.174,440929808.0,958140473,958140473,2025-12-26,2025-12-26 16:11:33+08:00
561770,中证A100指数ETF,1.246,1.2464,0.03,0.008,0.65,4720.0,587693.0,1.246,1.249,1.241,1.238,0.65,0.74,1.4,-13.42,591.0,4129.0,31263.0,5.32,0.0,0.0,31263.0,5.32,-124.0,-0.02,-31139.0,-5.3,400.0,1.244,1.245,63550000.0,79183300,79183300,2025-12-26,2025-12-26 16:11:42+08:00
515190,中银证券500ETF,1.552,1.5541,0.14,0.01,0.65,96763.0,15001819.0,1.542,1.559,1.536,1.542,1.49,2.12,1.72,-18.11,52222.0,44541.0,3274084.0,21.82,5671030.0,37.8,-2396946.0,-15.98,-2939687.0,-19.6,-334396.0,-2.23,100.0,1.549,1.552,457466096.0,709987381,709987381,2025-12-26,2025-12-26 16:11:53+08:00
513690,港股红利ETF博时,1.087,1.0884,0.13,0.007,0.65,1793246.0,195049223.0,1.081,1.091,1.081,1.08,0.93,3.43,1.03,-12.62,1005343.0,787903.0,-37068237.0,-19.0,-21441148.0,-10.99,-15627089.0,-8.01,4840022.0,2.48,32228216.0,16.52,-3.0,1.087,1.088,5227479808.0,5682270551,5682270551,2025-12-26,2025-12-26 16:11:41+08:00
159357,中证A500指数ETF,1.253,1.2537,0.06,0.008,0.64,212967.0,26675822.811,1.245,1.257,1.245,1.245,0.96,1.26,1.45,-8.15,111950.0,101016.0,-1168678.0,-4.38,-588418.0,-2.21,-580260.0,-2.18,486961.0,1.83,681718.0,2.56,105.0,1.252,1.253,1696833840.0,2126132802,2126132802,2025-12-26,2025-12-26 15:34:48+08:00
515010,券商ETF基金,1.407,1.4072,0.01,0.009,0.64,321354.0,45301267.0,1.395,1.422,1.395,1.398,1.93,2.35,1.73,6.78,158612.0,162742.0,6181781.0,13.65,4180871.0,9.23,2000910.0,4.42,-2195575.0,-4.85,-3986205.0,-8.8,88.0,1.406,1.407,1365771600.0,1921640641,1921640641,2025-12-26,2025-12-26 16:11:35+08:00
563360,A500ETF华泰柏瑞,1.267,1.2664,-0.05,0.008,0.64,111835772.0,14153152260.0,1.259,1.272,1.259,1.259,1.03,29.08,0.97,6.52,57135844.0,54699928.0,-125135664.0,-0.88,18710528.0,0.13,-143846192.0,-1.02,80365745.0,0.57,44769934.0,0.32,10.0,1.267,1.268,38452987392.0,48719935026,48719935026,2025-12-26,2025-12-26 16:11:41+08:00
560810,央企ESGETF,1.1,1.1011,0.1,0.007,0.64,811.0,88728.0,1.088,1.101,1.088,1.093,1.19,0.01,0.51,-92.41,483.0,328.0,39295.0,44.29,36992.0,41.69,2303.0,2.6,-14903.0,-16.8,-24393.0,-27.49,27.0,1.099,1.1,813116000.0,894427600,894427600,2025-12-26,2025-12-26 16:11:38+08:00
159235,中证现金流ETF,1.264,1.265,0.08,0.008,0.64,1587238.0,200708647.3,1.255,1.269,1.254,1.256,1.19,10.35,2.45,-0.35,1093374.0,493864.0,7894016.0,3.93,-79582384.0,-39.65,87476400.0,43.58,-8609634.0,-4.29,715618.0,0.36,173.0,1.263,1.264,1533729552.0,1938634154,1938634154,2025-12-26,2025-12-26 15:34:42+08:00
159820,中证500ETF天弘,1.268,1.269,0.08,0.008,0.63,36384.0,4605048.9,1.261,1.273,1.258,1.26,1.19,0.25,0.89,14.67,18401.0,17983.0,-204084.0,-4.43,0.0,0.0,-204084.0,-4.43,360114.0,7.82,-156031.0,-3.39,300.0,1.268,1.269,1476408464.0,1872085932,1872085932,2025-12-26,2025-12-26 15:34:27+08:00
513890,恒生科技HKETF,1.114,1.1053,-0.79,0.007,0.63,204234.0,22688921.0,1.106,1.114,1.106,1.107,0.72,2.6,0.45,-4.7,109172.0,95062.0,1662317.0,7.33,2430425.0,10.71,-768108.0,-3.39,-1626085.0,-7.17,-36233.0,-0.16,19.0,1.113,1.114,786128000.0,875746592,875746592,2025-12-26,2025-12-26 16:12:01+08:00
520530,港股通科技ETF东财,0.963,0.9612,-0.19,0.006,0.63,85878.0,8251002.0,0.959,0.964,0.957,0.957,0.73,3.29,1.05,-40.01,53892.0,31986.0,988831.0,11.98,1579638.0,19.14,-590807.0,-7.16,-477836.0,-5.79,-510996.0,-6.19,-1.0,0.962,0.964,260776000.0,251127288,251127288,2025-12-26,2025-12-26 16:11:58+08:00
159610,500ETF增强,1.112,1.1171,0.46,0.007,0.63,106845.0,11893031.288,1.107,1.12,1.106,1.105,1.27,5.0,1.37,-89.76,57213.0,49633.0,1546790.0,13.01,-378280.0,-3.18,1925070.0,16.19,-1156639.0,-9.73,-390151.0,-3.28,-100.0,1.111,1.112,213568207.0,237487846,237487846,2025-12-26,2025-12-26 15:34:12+08:00
159336,央企红利50ETF,1.125,1.1243,-0.06,0.007,0.63,12818.0,1438233.9,1.121,1.125,1.117,1.118,0.72,0.23,0.74,71.65,10228.0,2590.0,-259955.0,-18.07,0.0,0.0,-259955.0,-18.07,329272.0,22.89,-69317.0,-4.82,100.0,1.124,1.125,565905088.0,636643224,636643224,2025-12-26,2025-12-26 15:34:45+08:00
159686,A100ETF易方达,1.274,1.2734,-0.05,0.008,0.63,44504.0,5659322.9,1.27,1.276,1.268,1.266,0.63,6.97,1.61,38.03,17940.0,26564.0,119700.0,2.12,-101840.0,-1.8,221540.0,3.91,-99900.0,-1.77,-19800.0,-0.35,600.0,1.273,1.279,63815386.0,81300802,81300802,2025-12-26,2025-12-26 15:34:48+08:00
159260,证券指数ETF,0.966,0.9674,0.14,0.006,0.63,163259.0,15799940.848,0.96,0.978,0.957,0.96,2.19,1.78,1.88,-5.81,83838.0,79421.0,1733438.0,10.97,-164925.0,-1.04,1898363.0,12.02,-1277481.0,-8.09,-455956.0,-2.89,-1.0,0.966,0.968,916213584.0,885062322,885062322,2025-12-26,2025-12-26 15:34:54+08:00
159215,中证A500ETF指数基金,1.268,1.2687,0.06,0.008,0.63,100347.0,12707597.369,1.259,1.273,1.259,1.26,1.11,0.68,0.18,38.75,43132.0,57215.0,-639646.0,-5.03,598255.0,4.71,-1237901.0,-9.74,463628.0,3.65,176018.0,1.39,-472.0,1.268,1.269,1480582800.0,1877378990,1877378990,2025-12-26,2025-12-26 15:34:42+08:00
516360,新材料ETF,0.952,0.9526,0.06,0.006,0.63,37435.0,3558503.0,0.949,0.957,0.945,0.946,1.27,4.77,0.91,-9.6,11277.0,26158.0,251205.0,7.06,93102.0,2.62,158103.0,4.44,-208551.0,-5.86,-42655.0,-1.2,3.0,0.951,0.952,78551800.0,74781314,74781314,2025-12-26,2025-12-26 16:11:35+08:00
516700,大数据ETF华宝,0.971,0.9715,0.05,0.006,0.62,20371.0,1977241.0,0.966,0.977,0.962,0.965,1.55,2.32,1.17,-8.27,10039.0,10332.0,251324.0,12.71,207661.0,10.5,43663.0,2.21,-207350.0,-10.49,-43974.0,-2.22,9.0,0.97,0.971,87622000.0,85080962,85080962,2025-12-26,2025-12-26 16:11:37+08:00
513320,恒生新经济ETF,1.321,1.3125,-0.65,0.008,0.61,45872.0,6038731.0,1.31,1.321,1.309,1.313,0.91,4.06,0.77,-37.42,27593.0,18279.0,435885.0,7.22,0.0,0.0,435885.0,7.22,-397292.0,-6.58,-38593.0,-0.64,84.0,1.32,1.321,113010600.0,149287003,149287003,2025-12-26,2025-12-26 16:11:44+08:00
515550,国联中证500ETF,1.648,1.6565,0.51,0.01,0.61,3742.0,618157.0,1.664,1.664,1.645,1.638,1.16,2.8,2.27,40.39,192.0,3550.0,221365.0,35.81,0.0,0.0,221365.0,35.81,-229553.0,-37.14,8188.0,1.32,-9.0,1.648,1.658,13345700.0,21993714,21993714,2025-12-26,2025-12-26 16:11:56+08:00
510500,中证500ETF,7.58,7.5861,0.08,0.046,0.61,5147301.0,3901186668.0,7.544,7.616,7.527,7.534,1.18,2.73,1.9,20.79,2989650.0,2157651.0,-98516288.0,-2.53,-94555440.0,-2.42,-3960848.0,-0.1,98252724.0,2.52,263571.0,0.01,-1967.0,7.579,7.584,18863368704.0,142984334776,142984334776,2025-12-26,2025-12-26 16:11:54+08:00
510200,上证券商ETF,1.317,1.3181,0.08,0.008,0.61,102040.0,13478195.0,1.309,1.33,1.309,1.309,1.6,6.61,1.84,13.93,62237.0,39803.0,1234232.0,9.16,421130.0,3.12,813102.0,6.03,-941133.0,-6.98,-293101.0,-2.17,-40.0,1.318,1.32,154385500.0,203325704,203325704,2025-12-26,2025-12-26 16:11:47+08:00
561500,漂亮50ETF,0.828,0.8312,0.38,0.005,0.61,21694.0,1799897.0,0.823,0.836,0.823,0.823,1.58,3.26,1.01,-0.58,13092.0,8602.0,184733.0,10.26,0.0,0.0,184733.0,10.26,-87368.0,-4.85,-97366.0,-5.41,-5.0,0.828,0.832,66600300.0,55145048,55145048,2025-12-26,2025-12-26 16:11:57+08:00
159399,现金流ETF,1.148,1.148,0.0,0.007,0.61,1806351.0,206973717.1,1.14,1.15,1.14,1.141,0.88,4.14,0.89,-58.59,876490.0,929861.0,24463171.0,11.82,10810850.0,5.22,13652321.0,6.6,-18937526.0,-9.15,-5525645.0,-2.67,1620.0,1.147,1.148,4361194752.0,5006651575,5006651575,2025-12-26,2025-12-26 15:35:03+08:00
159905,深红利ETF,1.821,1.8224,0.08,0.011,0.61,316394.0,57592212.7,1.81,1.825,1.808,1.81,0.94,2.97,1.5,-71.32,153881.0,162513.0,12617169.0,21.91,13492479.0,23.43,-875310.0,-1.52,-10291589.0,-17.87,-2325580.0,-4.04,-196.0,1.821,1.822,1064443952.0,1938352437,1938352437,2025-12-26,2025-12-26 15:34:57+08:00
159697,油气ETF,1.164,1.1645,0.04,0.007,0.61,28268.0,3295269.07,1.157,1.171,1.157,1.157,1.21,2.02,0.52,8.78,17042.0,11226.0,-108378.0,-3.29,-591468.0,-17.95,483090.0,14.66,373248.0,11.33,-264869.0,-8.04,27.0,1.164,1.166,140022006.0,162985615,162985615,2025-12-26,2025-12-26 15:35:03+08:00
159777,创科技ETF,1.146,1.1504,0.38,0.007,0.61,35348.0,4055765.95,1.13,1.158,1.13,1.139,2.46,8.78,1.19,-42.84,21359.0,13989.0,-276273.0,-6.81,0.0,0.0,-276273.0,-6.81,315104.0,7.77,-38830.0,-0.96,-217.0,1.141,1.151,40280565.0,46161527,46161527,2025-12-26,2025-12-26 15:34:27+08:00
159935,中证500ETF景顺,2.348,2.3486,0.03,0.014,0.6,76110.0,17893967.6,2.334,2.358,2.331,2.334,1.16,30.97,7.16,95.58,24172.0,51938.0,503646.0,2.81,1611788.0,9.01,-1108142.0,-6.19,-265860.0,-1.49,-237786.0,-1.33,-14.0,2.348,2.357,24572956.0,57697301,57697301,2025-12-26,2025-12-26 15:34:48+08:00
516000,数据ETF,1.0,1.0001,0.01,0.006,0.6,92325.0,9223450.0,0.994,1.006,0.99,0.994,1.61,3.01,1.29,-3.58,42189.0,50136.0,769669.0,8.34,-271139.0,-2.94,1040808.0,11.28,-403590.0,-4.38,-366079.0,-3.97,30.0,0.999,1.0,306855008.0,306855008,306855008,2025-12-26,2025-12-26 16:11:48+08:00
512500,中证500ETF华夏,4.161,4.1631,0.05,0.025,0.6,588326.0,244848699.0,4.158,4.18,4.132,4.136,1.16,1.35,1.36,15.94,266456.0,321870.0,-2728373.0,-1.11,11029940.0,4.5,-13758313.0,-5.62,1307504.0,0.53,1420868.0,0.58,-1.0,4.158,4.165,4353608704.0,18115365817,18115365817,2025-12-26,2025-12-26 16:11:59+08:00
563010,电信ETF,1.888,1.8882,0.01,0.011,0.59,58275.0,10936211.0,1.876,1.889,1.86,1.877,1.55,7.18,0.96,82.92,30008.0,28267.0,1083752.0,9.91,2977958.0,27.23,-1894206.0,-17.32,-807129.0,-7.38,-276622.0,-2.53,26.0,1.885,1.888,81189300.0,153285398,153285398,2025-12-26,2025-12-26 16:12:00+08:00
159625,绿色电力ETF,1.201,1.1993,-0.14,0.007,0.59,265831.0,31888424.4,1.194,1.203,1.193,1.194,0.84,2.48,2.05,43.4,190095.0,75736.0,-474065.0,-1.49,3186768.0,9.99,-3660833.0,-11.48,-720914.0,-2.26,1194978.0,3.75,863.0,1.2,1.201,1072913776.0,1288569445,1288569445,2025-12-26,2025-12-26 15:34:21+08:00
530380,上证380ETF易方达,1.016,1.0169,0.09,0.006,0.59,181928.0,18436092.0,1.012,1.018,1.006,1.01,1.19,2.18,2.6,-6.65,128591.0,53337.0,1211978.0,6.57,-1108888.0,-6.01,2320866.0,12.59,-887739.0,-4.82,-324239.0,-1.76,216.0,1.014,1.016,834705008.0,848060288,848060288,2025-12-26,2025-12-26 16:11:39+08:00
510040,上证180ETF指数,1.185,1.1854,0.03,0.007,0.59,13314.0,1573269.0,1.178,1.188,1.178,1.178,0.85,3.46,0.54,13.29,8255.0,5059.0,303213.0,19.27,0.0,0.0,303213.0,19.27,-180223.0,-11.46,-122989.0,-7.82,2.0,1.183,1.184,38480000.0,45598800,45598800,2025-12-26,2025-12-26 16:11:38+08:00
510190,上证50ETF华安,4.44,4.4413,0.03,0.026,0.59,4734.0,2102151.0,4.429,4.455,4.423,4.414,0.72,1.33,1.33,36.29,3875.0,859.0,-23832.0,-1.13,0.0,0.0,-23832.0,-1.13,269136.0,12.8,-245305.0,-11.67,1.0,4.424,4.444,35650800.0,158289552,158289552,2025-12-26,2025-12-26 16:11:40+08:00
513160,港股科技30ETF,1.202,1.1948,-0.6,0.007,0.59,1007465.0,120732920.0,1.195,1.203,1.193,1.195,0.84,2.07,0.41,15.38,645611.0,361854.0,856983.0,0.71,-1358564.0,-1.13,2215547.0,1.84,-2400545.0,-1.99,1543563.0,1.28,-2.0,1.202,1.203,4878189312.0,5863583553,5863583553,2025-12-26,2025-12-26 16:11:58+08:00
159338,中证A500ETF,1.2,1.2004,0.03,0.007,0.59,80372393.0,9635734085.875,1.193,1.205,1.192,1.193,1.09,25.0,1.03,49.26,39677524.0,40694869.0,28322480.0,0.29,15507456.0,0.16,12815024.0,0.13,-44324209.0,-0.46,16001767.0,0.17,29738.0,1.199,1.2,32147086592.0,38576503910,38576503910,2025-12-26,2025-12-26 15:34:57+08:00
512050,A500ETF基金,1.193,1.1922,-0.07,0.007,0.59,126427620.0,15065275840.0,1.186,1.196,1.184,1.186,1.01,38.33,1.18,52.74,64010109.0,62417511.0,-45877008.0,-0.3,-964738048.0,-6.4,918861040.0,6.1,34240779.0,0.23,11636425.0,0.08,16278.0,1.192,1.193,32986992128.0,39353481609,39353481609,2025-12-26,2025-12-26 16:11:47+08:00
510380,国寿300ETF,1.378,1.3754,-0.19,0.008,0.58,1258481.0,173136948.0,1.371,1.382,1.37,1.37,0.88,8.29,2.92,-95.53,632581.0,625900.0,-20031594.0,-11.57,-146332789.0,-84.52,126301195.0,72.95,19168557.0,11.07,863037.0,0.5,10.0,1.371,1.378,1518802400.0,2092909707,2092909707,2025-12-26,2025-12-26 16:11:36+08:00
159611,电力ETF,1.036,1.0366,0.06,0.006,0.58,1505372.0,155521444.9,1.03,1.037,1.028,1.03,0.87,4.12,1.24,-44.73,675074.0,830298.0,22199341.0,14.27,41224060.0,26.51,-19024719.0,-12.23,-21860973.0,-14.06,-338369.0,-0.22,9973.0,1.035,1.036,3655962896.0,3787577560,3787577560,2025-12-26,2025-12-26 15:34:09+08:00
520660,港股通央企红利ETF南方,1.034,1.0265,-0.73,0.006,0.58,165776.0,17096132.0,1.028,1.036,1.026,1.028,0.97,0.61,0.75,-45.08,120606.0,45170.0,93262.0,0.55,-62925.0,-0.37,156187.0,0.91,348438.0,2.04,-441699.0,-2.58,270.0,1.033,1.034,2718485504.0,2810914011,2810914011,2025-12-26,2025-12-26 16:11:40+08:00
520900,港股通红利ETF广发,1.039,1.0356,-0.33,0.006,0.58,195554.0,20262555.0,1.034,1.039,1.033,1.033,0.58,1.02,0.37,-19.01,119589.0,75965.0,2011310.0,9.93,3375855.0,16.66,-1364545.0,-6.73,-1983042.0,-9.79,-28268.0,-0.14,30.0,1.037,1.039,1912675008.0,1987269333,1987269333,2025-12-26,2025-12-26 16:12:01+08:00
563330,A股ETF,4.19,4.1893,-0.02,0.024,0.58,83192.0,34813578.0,4.173,4.207,4.161,4.166,1.1,29.54,0.97,-34.31,39840.0,43352.0,-327958.0,-0.94,840706.0,2.41,-1168664.0,-3.36,440381.0,1.26,-112424.0,-0.32,10.0,4.19,4.196,28160600.0,117992914,117992914,2025-12-26,2025-12-26 16:11:42+08:00
513330,恒生互联网ETF,0.52,0.5159,-0.79,0.003,0.58,22351993.0,1158979299.0,0.517,0.52,0.516,0.517,0.77,3.34,0.76,18.45,14577866.0,7774128.0,7451193.0,0.64,22387440.0,1.93,-14936247.0,-1.29,-8033379.0,-0.69,582194.0,0.05,27922.0,0.519,0.52,66833479936.0,34753409567,34753409567,2025-12-26,2025-12-26 16:11:36+08:00
159685,1000增强ETF天弘,1.379,1.3796,0.04,0.008,0.58,30720.0,4229738.1,1.374,1.387,1.369,1.371,1.31,22.86,1.36,33.03,15051.0,15669.0,366034.0,8.65,1372133.0,32.44,-1006099.0,-23.79,-381428.0,-9.02,15394.0,0.36,-725.0,1.379,1.38,13440067.0,18533852,18533852,2025-12-26,2025-12-26 15:34:54+08:00
516710,新材料50ETF,0.69,0.6904,0.06,0.004,0.58,90222.0,6206886.0,0.689,0.693,0.683,0.686,1.46,11.24,2.32,-21.11,58885.0,31337.0,26091.0,0.42,137008.0,2.21,-110917.0,-1.79,-45209.0,-0.73,19117.0,0.31,1.0,0.687,0.688,80272000.0,55387680,55387680,2025-12-26,2025-12-26 16:12:00+08:00
159708,红利ETF,0.874,0.8744,0.05,0.005,0.58,144426.0,12608295.116,0.869,0.876,0.869,0.869,0.81,6.5,0.96,-80.93,70905.0,73521.0,483170.0,3.83,307207.0,2.44,175963.0,1.4,-26898.0,-0.21,-456272.0,-3.62,-118.0,0.874,0.875,222028306.0,194052739,194052739,2025-12-26,2025-12-26 15:34:09+08:00
562870,证券ETF嘉实,1.032,1.0332,0.12,0.006,0.58,98726.0,10219527.0,1.024,1.043,1.024,1.026,1.85,2.49,1.43,51.93,30886.0,67840.0,2045845.0,20.02,1489944.0,14.58,555901.0,5.44,-1403652.0,-13.74,-642193.0,-6.28,-246.0,1.03,1.033,397005200.0,409709366,409709366,2025-12-26,2025-12-26 16:11:52+08:00
